EUR/USD,20090601 00:26:43.015,1.4102,1.41029
EUR/USD,20090601 00:26:43.035,1.4102,1.41029
EUR/USD,20090601 00:26:43.070,1.41019,1.41029
EUR/USD,20090601 00:26:43.259,1.41029,1.41029
EUR/USD,20090601 00:26:43.262,1.41029,1.4103
EUR/USD,20090601 00:26:43.275,1.41029,1.41029
EUR/USD,20090601 00:26:43.518,1.41029,1.4103
EUR/USD,20090601 00:26:43.526,1.41029,1.41029
EUR/USD,20090601 00:26:43.997,1.41014,1.41028
EUR/USD,20090601 00:26:44.495,1.41011,1.4103
EUR/USD,20090601 00:26:44.760,1.41032,1.41039
EUR/USD,20090601 00:26:45.761,1.41029,1.4104
EUR/USD,20090601 00:26:45.762,1.41027,1.4104
EUR/USD,20090601 00:26:45.993,1.41028,1.4104
EUR/USD,20090601 00:26:46.478,1.41027,1.4104
EUR/USD,20090601 00:26:50.015,1.41034,1.41038
EUR/USD,20090601 00:26:50.016,1.41032,1.4104
EUR/USD,20090601 00:26:50.035,1.41032,1.41039
EUR/USD,20090601 00:26:51.015,1.41029,1.41039
EUR/USD,20090601 00:26:51.016,1.41027,1.41039
EUR/USD,20090601 00:26:51.259,1.41034,1.41038
EUR/USD,20090601 00:26:51.260,1.41032,1.41039
EUR/USD,20090601 00:26:51.513,1.41031,1.4104
EUR/USD,20090601 00:26:51.532,1.41028,1.41039
EUR/USD,20090601 00:26:51.575,1.41027,1.41039
EUR/USD,20090601 00:26:52.260,1.41034,1.41038
EUR/USD,20090601 00:26:52.510,1.41031,1.4104
EUR/USD,20090601 00:26:52.511,1.41031,1.41039
EUR/USD,20090601 00:26:52.519,1.41028,1.41039
EUR/USD,20090601 00:26:52.589,1.41027,1.41039
EUR/USD,20090601 00:26:56.258,1.41034,1.41038
EUR/USD,20090601 00:26:56.259,1.41032,1.41039
EUR/USD,20090601 00:26:56.268,1.41032,1.4104
EUR/USD,20090601 00:26:56.510,1.41031,1.4104
EUR/USD,20090601 00:26:56.513,1.41029,1.4104
EUR/USD,20090601 00:26:56.519,1.41029,1.41039
EUR/USD,20090601 00:26:57.259,1.41034,1.41038
EUR/USD,20090601 00:26:57.495,1.41034,1.41037
EUR/USD,20090601 00:26:57.499,1.41034,1.41038
EUR/USD,20090601 00:26:59.509,1.41024,1.41039
EUR/USD,20090601 00:26:59.510,1.41022,1.41039
EUR/USD,20090601 00:26:59.522,1.41022,1.4103
EUR/USD,20090601 00:26:59.548,1.41022,1.41029
EUR/USD,20090601 00:26:59.760,1.41027,1.41029
EUR/USD,20090601 00:26:59.769,1.41027,1.41034
EUR/USD,20090601 00:26:59.820,1.41027,1.41034
EUR/USD,20090601 00:27:01.014,1.41034,1.41038
EUR/USD,20090601 00:27:01.015,1.41032,1.41039
EUR/USD,20090601 00:27:02.759,1.41038,1.4104
EUR/USD,20090601 00:27:02.760,1.41036,1.4104
EUR/USD,20090601 00:27:02.766,1.41036,1.41042
EUR/USD,20090601 00:27:02.815,1.41036,1.41044
EUR/USD,20090601 00:27:03.510,1.41034,1.41047
EUR/USD,20090601 00:27:03.526,1.41034,1.4104
EUR/USD,20090601 00:27:04.264,1.41034,1.41039
EUR/USD,20090601 00:27:04.266,1.41034,1.4104
EUR/USD,20090601 00:27:06.510,1.41035,1.4104
EUR/USD,20090601 00:27:06.511,1.41037,1.4104
EUR/USD,20090601 00:27:06.520,1.41037,1.41046
EUR/USD,20090601 00:27:06.772,1.41037,1.4104
EUR/USD,20090601 00:27:07.034,1.41037,1.41042
EUR/USD,20090601 00:27:07.052,1.41037,1.41046
EUR/USD,20090601 00:27:13.513,1.41032,1.41047
EUR/USD,20090601 00:27:13.525,1.41032,1.4104
EUR/USD,20090601 00:27:13.764,1.41034,1.4104
EUR/USD,20090601 00:27:13.775,1.41034,1.41043
EUR/USD,20090601 00:27:14.028,1.41034,1.4104
EUR/USD,20090601 00:27:14.273,1.41034,1.41043
EUR/USD,20090601 00:27:15.003,1.41038,1.41043
EUR/USD,20090601 00:27:18.261,1.41032,1.41046
EUR/USD,20090601 00:27:18.262,1.41034,1.41046
EUR/USD,20090601 00:27:18.280,1.41034,1.4104
EUR/USD,20090601 00:27:34.512,1.41038,1.4104
EUR/USD,20090601 00:27:34.513,1.41036,1.4104
EUR/USD,20090601 00:27:34.526,1.41036,1.41042
EUR/USD,20090601 00:27:34.586,1.41036,1.41044
EUR/USD,20090601 00:27:34.759,1.41032,1.41047
EUR/USD,20090601 00:27:34.771,1.41032,1.4104
EUR/USD,20090601 00:27:35.013,1.41038,1.4104
EUR/USD,20090601 00:27:35.024,1.41038,1.41043
EUR/USD,20090601 00:27:41.012,1.41032,1.41046
EUR/USD,20090601 00:27:41.029,1.41032,1.4104
EUR/USD,20090601 00:27:41.262,1.41038,1.4104
EUR/USD,20090601 00:27:41.273,1.41038,1.41042
EUR/USD,20090601 00:27:41.317,1.41038,1.41043
EUR/USD,20090601 00:27:41.500,1.41038,1.41041
EUR/USD,20090601 00:27:41.510,1.41034,1.41041
EUR/USD,20090601 00:27:41.523,1.41034,1.4104
EUR/USD,20090601 00:27:42.014,1.41038,1.4104
EUR/USD,20090601 00:27:42.021,1.41038,1.41041
EUR/USD,20090601 00:27:42.114,1.41038,1.41043
EUR/USD,20090601 00:27:47.758,1.41032,1.41046
EUR/USD,20090601 00:27:47.759,1.41032,1.41044
EUR/USD,20090601 00:27:47.767,1.41032,1.4104
EUR/USD,20090601 00:27:48.013,1.41038,1.4104
EUR/USD,20090601 00:27:48.014,1.41037,1.4104
EUR/USD,20090601 00:27:48.025,1.41037,1.41041
EUR/USD,20090601 00:27:48.064,1.41037,1.41047
EUR/USD,20090601 00:27:48.453,1.41037,1.41046
EUR/USD,20090601 00:27:53.262,1.41034,1.41046
EUR/USD,20090601 00:27:53.280,1.41034,1.4104
EUR/USD,20090601 00:27:56.022,1.41031,1.4104
EUR/USD,20090601 00:27:56.023,1.41031,1.41038
EUR/USD,20090601 00:27:56.028,1.41029,1.41038
EUR/USD,20090601 00:28:00.512,1.41034,1.41038
EUR/USD,20090601 00:28:00.758,1.41031,1.4104
EUR/USD,20090601 00:28:00.759,1.41031,1.41039
EUR/USD,20090601 00:28:00.766,1.41028,1.41039
EUR/USD,20090601 00:28:00.816,1.41027,1.41039
EUR/USD,20090601 00:28:01.013,1.41034,1.41038
EUR/USD,20090601 00:28:01.258,1.41028,1.4104
EUR/USD,20090601 00:28:06.259,1.41034,1.41038
EUR/USD,20090601 00:28:06.510,1.41031,1.4104
EUR/USD,20090601 00:28:06.516,1.41027,1.4104
EUR/USD,20090601 00:28:06.524,1.41027,1.41039
EUR/USD,20090601 00:28:06.572,1.41027,1.41039
EUR/USD,20090601 00:28:25.759,1.41032,1.41039
EUR/USD,20090601 00:28:25.764,1.41032,1.41039
EUR/USD,20090601 00:28:26.012,1.41029,1.4104
EUR/USD,20090601 00:28:26.050,1.41027,1.4104
EUR/USD,20090601 00:28:30.261,1.41032,1.41039
EUR/USD,20090601 00:28:30.266,1.41034,1.41038
EUR/USD,20090601 00:28:30.511,1.41031,1.4104
EUR/USD,20090601 00:28:30.538,1.41029,1.4104
EUR/USD,20090601 00:28:30.539,1.41029,1.41039
EUR/USD,20090601 00:28:30.558,1.41027,1.41039
EUR/USD,20090601 00:28:30.759,1.41034,1.41038
EUR/USD,20090601 00:28:30.760,1.41032,1.41039
EUR/USD,20090601 00:28:30.776,1.41032,1.4104
EUR/USD,20090601 00:28:31.013,1.41031,1.4104
EUR/USD,20090601 00:28:31.037,1.41029,1.41039
EUR/USD,20090601 00:28:32.258,1.41034,1.41038
EUR/USD,20090601 00:28:32.259,1.41032,1.41039
EUR/USD,20090601 00:28:32.268,1.41032,1.4104
EUR/USD,20090601 00:28:50.866,1.41032,1.41038
EUR/USD,20090601 00:29:01.260,1.41037,1.41038
EUR/USD,20090601 00:29:01.272,1.41037,1.41041
EUR/USD,20090601 00:29:01.329,1.41037,1.41043
EUR/USD,20090601 00:29:01.761,1.41044,1.41048
EUR/USD,20090601 00:29:01.816,1.41044,1.41048
EUR/USD,20090601 00:29:05.514,1.41049,1.41053
EUR/USD,20090601 00:29:05.539,1.41047,1.41053
EUR/USD,20090601 00:29:05.763,1.41054,1.41058
EUR/USD,20090601 00:29:05.764,1.41052,1.41059
EUR/USD,20090601 00:29:06.262,1.41059,1.4106
EUR/USD,20090601 00:29:06.280,1.41059,1.41063
EUR/USD,20090601 00:29:07.016,1.41052,1.41063
EUR/USD,20090601 00:29:07.017,1.41054,1.41063
EUR/USD,20090601 00:29:07.048,1.41054,1.4106
EUR/USD,20090601 00:29:08.760,1.4105,1.4106
EUR/USD,20090601 00:29:09.826,1.4105,1.41059
EUR/USD,20090601 00:29:10.017,1.41046,1.41059
EUR/USD,20090601 00:29:10.509,1.41048,1.41057
EUR/USD,20090601 00:29:10.519,1.41051,1.41057
EUR/USD,20090601 00:29:10.735,1.41051,1.41058
EUR/USD,20090601 00:29:11.260,1.41051,1.41057
EUR/USD,20090601 00:29:12.510,1.41053,1.41059
EUR/USD,20090601 00:29:14.759,1.41057,1.4106
EUR/USD,20090601 00:29:14.760,1.41059,1.4106
EUR/USD,20090601 00:29:14.771,1.41059,1.41061
EUR/USD,20090601 00:29:14.825,1.41059,1.41068
EUR/USD,20090601 00:29:14.977,1.41059,1.41068
EUR/USD,20090601 00:29:15.510,1.41054,1.41068
EUR/USD,20090601 00:29:15.512,1.41054,1.4106
EUR/USD,20090601 00:29:17.014,1.41059,1.4106
EUR/USD,20090601 00:29:17.027,1.41059,1.41063
EUR/USD,20090601 00:29:18.262,1.41065,1.41068
EUR/USD,20090601 00:29:18.264,1.41063,1.4107
EUR/USD,20090601 00:29:20.508,1.41061,1.41075
EUR/USD,20090601 00:29:20.509,1.41062,1.41074
EUR/USD,20090601 00:29:20.758,1.41062,1.41071
EUR/USD,20090601 00:29:20.778,1.41062,1.4107
EUR/USD,20090601 00:29:21.509,1.41061,1.4107
EUR/USD,20090601 00:29:23.759,1.41061,1.41069
EUR/USD,20090601 00:29:23.773,1.41056,1.41069
EUR/USD,20090601 00:29:23.844,1.41051,1.41069
EUR/USD,20090601 00:29:25.509,1.41051,1.41062
EUR/USD,20090601 00:29:25.510,1.41051,1.41061
EUR/USD,20090601 00:29:25.521,1.41051,1.4106
EUR/USD,20090601 00:29:27.509,1.41058,1.4106
EUR/USD,20090601 00:29:27.521,1.41058,1.41061
EUR/USD,20090601 00:29:27.557,1.41058,1.41061
EUR/USD,20090601 00:29:28.013,1.41054,1.41068
EUR/USD,20090601 00:29:28.753,1.41051,1.41066
EUR/USD,20090601 00:29:31.012,1.41058,1.41063
EUR/USD,20090601 00:29:31.013,1.41058,1.41068
EUR/USD,20090601 00:29:31.024,1.41061,1.41068
EUR/USD,20090601 00:29:31.061,1.41061,1.4107
EUR/USD,20090601 00:29:32.265,1.41061,1.41068
EUR/USD,20090601 00:29:32.266,1.41061,1.41066
EUR/USD,20090601 00:29:32.281,1.41055,1.41066
EUR/USD,20090601 00:29:32.316,1.41054,1.41066
EUR/USD,20090601 00:29:36.985,1.41054,1.41062
EUR/USD,20090601 00:29:37.012,1.41051,1.41062
EUR/USD,20090601 00:29:37.013,1.41051,1.41062
EUR/USD,20090601 00:29:37.026,1.41051,1.4106
EUR/USD,20090601 00:29:43.447,1.41051,1.41059
EUR/USD,20090601 00:29:48.510,1.41051,1.4106
EUR/USD,20090601 00:29:51.778,1.41051,1.4106
EUR/USD,20090601 00:29:55.259,1.41054,1.4106
EUR/USD,20090601 00:29:55.273,1.41054,1.41062
EUR/USD,20090601 00:29:55.494,1.41054,1.4106
EUR/USD,20090601 00:29:55.511,1.41055,1.4106
EUR/USD,20090601 00:29:55.813,1.41055,1.41064
EUR/USD,20090601 00:29:55.975,1.41055,1.4106
EUR/USD,20090601 00:29:56.013,1.41051,1.4106
EUR/USD,20090601 00:29:56.489,1.41051,1.4106
EUR/USD,20090601 00:29:56.512,1.41055,1.4106
EUR/USD,20090601 00:29:56.525,1.41055,1.41064
EUR/USD,20090601 00:30:00.972,1.41055,1.4106
EUR/USD,20090601 00:30:01.014,1.41051,1.4106
EUR/USD,20090601 00:30:01.015,1.41051,1.4106
EUR/USD,20090601 00:30:01.267,1.41052,1.4106
EUR/USD,20090601 00:30:01.277,1.41055,1.4106
EUR/USD,20090601 00:30:01.316,1.41055,1.4106
EUR/USD,20090601 00:30:01.763,1.41055,1.41059
EUR/USD,20090601 00:30:01.794,1.41052,1.41059
EUR/USD,20090601 00:30:01.821,1.41051,1.41059
EUR/USD,20090601 00:30:01.981,1.41052,1.41059
EUR/USD,20090601 00:30:02.032,1.41051,1.41059
EUR/USD,20090601 00:30:06.510,1.41051,1.4106
EUR/USD,20090601 00:30:09.515,1.41051,1.41056
EUR/USD,20090601 00:30:12.758,1.41051,1.41058
EUR/USD,20090601 00:30:12.769,1.41047,1.41058
EUR/USD,20090601 00:30:12.806,1.41042,1.41058
EUR/USD,20090601 00:30:13.015,1.41043,1.41052
EUR/USD,20090601 00:30:13.023,1.41043,1.4105
EUR/USD,20090601 00:30:13.514,1.41039,1.4105
EUR/USD,20090601 00:30:13.949,1.41037,1.4105
EUR/USD,20090601 00:30:14.512,1.41037,1.41043
EUR/USD,20090601 00:30:14.513,1.41034,1.41043
EUR/USD,20090601 00:30:14.514,1.41032,1.41043
EUR/USD,20090601 00:30:14.520,1.41032,1.4104
EUR/USD,20090601 00:30:14.762,1.41039,1.4104
EUR/USD,20090601 00:30:14.763,1.41037,1.4104
EUR/USD,20090601 00:30:14.769,1.41037,1.41043
EUR/USD,20090601 00:30:14.845,1.41037,1.41044
EUR/USD,20090601 00:30:16.760,1.41041,1.41049
EUR/USD,20090601 00:30:16.761,1.41042,1.41048
EUR/USD,20090601 00:30:17.018,1.41042,1.41051
EUR/USD,20090601 00:30:17.025,1.41042,1.4105
EUR/USD,20090601 00:30:17.272,1.41041,1.4105
EUR/USD,20090601 00:30:17.278,1.41038,1.4105
EUR/USD,20090601 00:30:19.005,1.41039,1.4105
EUR/USD,20090601 00:30:19.758,1.41042,1.4105
EUR/USD,20090601 00:30:19.759,1.41044,1.41048
EUR/USD,20090601 00:30:19.763,1.41042,1.4105
EUR/USD,20090601 00:30:25.761,1.41039,1.4105
EUR/USD,20090601 00:30:27.016,1.4104,1.41049
EUR/USD,20090601 00:30:27.017,1.4104,1.4105
EUR/USD,20090601 00:30:27.063,1.41041,1.4105
EUR/USD,20090601 00:30:27.265,1.41042,1.4105
EUR/USD,20090601 00:30:27.555,1.41038,1.4105
EUR/USD,20090601 00:30:27.575,1.41037,1.4105
EUR/USD,20090601 00:30:27.896,1.41039,1.4105
EUR/USD,20090601 00:30:41.106,1.41039,1.41049
EUR/USD,20090601 00:30:41.336,1.41039,1.4105
EUR/USD,20090601 00:30:41.659,1.41039,1.41049
EUR/USD,20090601 00:30:46.759,1.41032,1.41049
EUR/USD,20090601 00:30:46.769,1.41032,1.4104
EUR/USD,20090601 00:30:55.258,1.41031,1.4104
EUR/USD,20090601 00:30:55.265,1.4103,1.41035
EUR/USD,20090601 00:30:55.303,1.41027,1.41035
EUR/USD,20090601 00:30:55.796,1.41027,1.41029
EUR/USD,20090601 00:30:55.800,1.41027,1.4103
EUR/USD,20090601 00:30:55.863,1.41024,1.4103
EUR/USD,20090601 00:30:56.021,1.41024,1.41029
EUR/USD,20090601 00:30:56.026,1.41024,1.4103
EUR/USD,20090601 00:30:56.262,1.41027,1.4103
EUR/USD,20090601 00:30:56.273,1.41027,1.41034
EUR/USD,20090601 00:30:56.512,1.41024,1.41038
EUR/USD,20090601 00:30:56.513,1.41023,1.41039
EUR/USD,20090601 00:30:56.528,1.41023,1.4103
EUR/USD,20090601 00:30:56.530,1.41023,1.41029
EUR/USD,20090601 00:30:56.540,1.41022,1.41029
EUR/USD,20090601 00:30:57.261,1.41024,1.41029
EUR/USD,20090601 00:30:57.267,1.41024,1.41036
EUR/USD,20090601 00:30:57.330,1.41024,1.41039
EUR/USD,20090601 00:30:59.035,1.41024,1.4103
EUR/USD,20090601 00:30:59.514,1.41032,1.41034
EUR/USD,20090601 00:31:00.262,1.41029,1.41039
EUR/USD,20090601 00:31:00.263,1.41027,1.41039
EUR/USD,20090601 00:31:00.442,1.41027,1.41038
EUR/USD,20090601 00:31:00.463,1.41027,1.41039
EUR/USD,20090601 00:31:00.822,1.41027,1.41039
EUR/USD,20090601 00:31:15.015,1.41032,1.41039
EUR/USD,20090601 00:31:15.042,1.41032,1.41039
EUR/USD,20090601 00:31:15.513,1.41037,1.41039
EUR/USD,20090601 00:31:15.531,1.41037,1.41049
EUR/USD,20090601 00:31:21.802,1.41037,1.41047
EUR/USD,20090601 00:31:26.011,1.41037,1.41048
EUR/USD,20090601 00:31:45.258,1.41043,1.41048
EUR/USD,20090601 00:31:45.260,1.41041,1.41048
EUR/USD,20090601 00:31:45.315,1.41041,1.41049
EUR/USD,20090601 00:31:51.270,1.41041,1.41049
EUR/USD,20090601 00:31:51.282,1.41039,1.41049
EUR/USD,20090601 00:31:51.969,1.41039,1.41048
EUR/USD,20090601 00:31:52.308,1.41039,1.41047
EUR/USD,20090601 00:31:54.808,1.41039,1.41046
EUR/USD,20090601 00:31:55.800,1.41039,1.41047
EUR/USD,20090601 00:31:56.264,1.41044,1.41047
EUR/USD,20090601 00:31:56.340,1.41044,1.41048
EUR/USD,20090601 00:31:56.516,1.41041,1.4105
EUR/USD,20090601 00:31:56.535,1.41037,1.4105
EUR/USD,20090601 00:31:56.579,1.41037,1.41049
EUR/USD,20090601 00:31:56.765,1.41044,1.41048
EUR/USD,20090601 00:31:56.766,1.41042,1.41049
EUR/USD,20090601 00:31:57.514,1.41038,1.4105
EUR/USD,20090601 00:31:57.515,1.4104,1.4105
EUR/USD,20090601 00:31:58.512,1.41045,1.41049
EUR/USD,20090601 00:31:58.761,1.41049,1.41054
EUR/USD,20090601 00:31:58.762,1.41048,1.41055
EUR/USD,20090601 00:31:58.767,1.41051,1.41055
EUR/USD,20090601 00:31:59.016,1.41051,1.41058
EUR/USD,20090601 00:31:59.035,1.41049,1.41058
EUR/USD,20090601 00:31:59.261,1.41049,1.4106
EUR/USD,20090601 00:31:59.262,1.41048,1.4106
EUR/USD,20090601 00:31:59.272,1.41048,1.41071
EUR/USD,20090601 00:31:59.273,1.41061,1.41071
EUR/USD,20090601 00:31:59.322,1.41061,1.41075
EUR/USD,20090601 00:31:59.481,1.41061,1.41074
EUR/USD,20090601 00:31:59.543,1.41051,1.4107
EUR/USD,20090601 00:31:59.576,1.41053,1.4107
EUR/USD,20090601 00:31:59.669,1.41051,1.4107
EUR/USD,20090601 00:31:59.775,1.41061,1.4107
EUR/USD,20090601 00:32:02.510,1.41056,1.4107
EUR/USD,20090601 00:32:02.511,1.41055,1.4107
EUR/USD,20090601 00:32:02.562,1.41055,1.41069
EUR/USD,20090601 00:32:02.759,1.41051,1.41065
EUR/USD,20090601 00:32:02.760,1.41051,1.41067
EUR/USD,20090601 00:32:02.773,1.4105,1.4106
EUR/USD,20090601 00:32:07.514,1.41047,1.4106
EUR/USD,20090601 00:32:07.516,1.41049,1.4106
EUR/USD,20090601 00:32:07.761,1.41049,1.41058
EUR/USD,20090601 00:32:07.770,1.41051,1.41058
EUR/USD,20090601 00:32:08.023,1.41049,1.41058
EUR/USD,20090601 00:32:13.509,1.41047,1.41058
EUR/USD,20090601 00:32:13.510,1.41045,1.41059
EUR/USD,20090601 00:32:19.261,1.41045,1.41056
EUR/USD,20090601 00:32:19.262,1.41043,1.41057
EUR/USD,20090601 00:32:24.758,1.41041,1.41054
EUR/USD,20090601 00:32:24.765,1.41041,1.4105
EUR/USD,20090601 00:32:25.263,1.41041,1.4105
EUR/USD,20090601 00:32:25.285,1.41039,1.4105
EUR/USD,20090601 00:32:25.518,1.41039,1.41048
EUR/USD,20090601 00:32:25.532,1.41041,1.41048
EUR/USD,20090601 00:32:26.538,1.41039,1.41048
EUR/USD,20090601 00:32:26.784,1.41041,1.41048
EUR/USD,20090601 00:32:33.760,1.41041,1.41048
EUR/USD,20090601 00:32:33.764,1.41035,1.41048
EUR/USD,20090601 00:32:33.807,1.41035,1.41049
EUR/USD,20090601 00:32:33.958,1.41035,1.41047
EUR/USD,20090601 00:32:34.262,1.41036,1.41045
EUR/USD,20090601 00:32:34.268,1.41041,1.41045
EUR/USD,20090601 00:32:36.269,1.41036,1.41045
EUR/USD,20090601 00:32:39.514,1.41037,1.41047
EUR/USD,20090601 00:32:39.515,1.41039,1.41045
EUR/USD,20090601 00:32:44.016,1.41039,1.41048
EUR/USD,20090601 00:32:44.025,1.41041,1.41048
EUR/USD,20090601 00:32:46.013,1.41041,1.41049
EUR/USD,20090601 00:32:48.014,1.41042,1.4105
EUR/USD,20090601 00:32:49.259,1.41047,1.4105
EUR/USD,20090601 00:32:49.289,1.41047,1.41054
EUR/USD,20090601 00:32:49.294,1.41047,1.41054
EUR/USD,20090601 00:32:49.763,1.41049,1.41058
EUR/USD,20090601 00:32:49.770,1.41051,1.41058
EUR/USD,20090601 00:32:50.033,1.41049,1.41058
EUR/USD,20090601 00:32:54.259,1.41052,1.41058
EUR/USD,20090601 00:32:54.510,1.41052,1.4106
EUR/USD,20090601 00:32:54.760,1.41047,1.4106
EUR/USD,20090601 00:32:55.262,1.41049,1.4106
EUR/USD,20090601 00:33:01.017,1.41051,1.41058
EUR/USD,20090601 00:33:01.261,1.41051,1.4106
EUR/USD,20090601 00:33:02.011,1.41049,1.4106
EUR/USD,20090601 00:33:02.012,1.41047,1.4106
EUR/USD,20090601 00:33:02.767,1.41046,1.41058
EUR/USD,20090601 00:33:03.510,1.41044,1.41055
EUR/USD,20090601 00:33:05.258,1.41046,1.41055
EUR/USD,20090601 00:33:11.497,1.41046,1.41054
EUR/USD,20090601 00:33:11.508,1.41044,1.41054
EUR/USD,20090601 00:33:11.509,1.41042,1.41054
EUR/USD,20090601 00:33:11.521,1.41042,1.4105
EUR/USD,20090601 00:33:13.259,1.41045,1.4105
EUR/USD,20090601 00:33:13.271,1.41045,1.41053
EUR/USD,20090601 00:33:13.318,1.41045,1.41054
EUR/USD,20090601 00:33:24.012,1.41044,1.41056
EUR/USD,20090601 00:33:24.022,1.41044,1.4105
EUR/USD,20090601 00:33:24.623,1.41044,1.41051
EUR/USD,20090601 00:33:25.026,1.41047,1.41053
EUR/USD,20090601 00:33:25.511,1.41047,1.41054
EUR/USD,20090601 00:33:26.013,1.41048,1.41057
EUR/USD,20090601 00:33:26.017,1.41052,1.41057
EUR/USD,20090601 00:33:26.275,1.41048,1.41057
EUR/USD,20090601 00:33:31.260,1.41052,1.41057
EUR/USD,20090601 00:33:31.512,1.41052,1.41061
EUR/USD,20090601 00:33:31.761,1.41047,1.41062
EUR/USD,20090601 00:33:32.258,1.41048,1.41061
EUR/USD,20090601 00:33:33.513,1.41047,1.41059
EUR/USD,20090601 00:33:40.481,1.41047,1.41055
EUR/USD,20090601 00:33:40.508,1.41047,1.41054
EUR/USD,20090601 00:33:40.515,1.41045,1.41054
EUR/USD,20090601 00:33:40.516,1.41045,1.41051
EUR/USD,20090601 00:33:50.511,1.41043,1.41051
EUR/USD,20090601 00:33:57.511,1.41046,1.41051
EUR/USD,20090601 00:33:57.528,1.41046,1.41053
EUR/USD,20090601 00:33:57.564,1.41046,1.41054
EUR/USD,20090601 00:33:57.762,1.41054,1.41058
EUR/USD,20090601 00:33:57.777,1.41057,1.41058
EUR/USD,20090601 00:33:58.013,1.41058,1.41066
EUR/USD,20090601 00:33:58.014,1.4106,1.41065
EUR/USD,20090601 00:33:58.015,1.4106,1.41069
EUR/USD,20090601 00:33:58.027,1.41062,1.41069
EUR/USD,20090601 00:33:58.514,1.41062,1.4107
EUR/USD,20090601 00:33:58.515,1.41062,1.41069
EUR/USD,20090601 00:33:58.542,1.41054,1.41069
EUR/USD,20090601 00:33:58.547,1.41057,1.41069
EUR/USD,20090601 00:33:58.648,1.41052,1.41069
EUR/USD,20090601 00:33:58.791,1.41057,1.41069
EUR/USD,20090601 00:33:59.014,1.41058,1.41062
EUR/USD,20090601 00:33:59.016,1.41059,1.41061
EUR/USD,20090601 00:33:59.036,1.41062,1.41069
EUR/USD,20090601 00:33:59.074,1.41062,1.41071
EUR/USD,20090601 00:33:59.261,1.41062,1.4107
EUR/USD,20090601 00:33:59.290,1.41059,1.4107
EUR/USD,20090601 00:33:59.326,1.41052,1.4107
EUR/USD,20090601 00:33:59.532,1.41057,1.4107
EUR/USD,20090601 00:33:59.762,1.41057,1.41061
EUR/USD,20090601 00:33:59.763,1.41057,1.41066
EUR/USD,20090601 00:34:03.509,1.41057,1.41064
EUR/USD,20090601 00:34:03.517,1.41052,1.41064
EUR/USD,20090601 00:34:19.258,1.41054,1.41062
EUR/USD,20090601 00:34:19.269,1.41057,1.41062
EUR/USD,20090601 00:34:19.759,1.41058,1.41066
EUR/USD,20090601 00:34:19.770,1.41062,1.41066
EUR/USD,20090601 00:34:20.017,1.41062,1.41068
EUR/USD,20090601 00:34:20.261,1.41062,1.4107
EUR/USD,20090601 00:34:21.007,1.41062,1.41068
EUR/USD,20090601 00:34:25.258,1.41062,1.41065
EUR/USD,20090601 00:34:25.509,1.41062,1.41069
EUR/USD,20090601 00:34:25.512,1.41062,1.4107
EUR/USD,20090601 00:34:25.516,1.41059,1.4107
EUR/USD,20090601 00:34:25.561,1.41057,1.4107
EUR/USD,20090601 00:34:25.760,1.4106,1.41065
EUR/USD,20090601 00:34:25.761,1.41058,1.41066
EUR/USD,20090601 00:34:25.762,1.41062,1.41066
EUR/USD,20090601 00:34:26.011,1.41062,1.41069
EUR/USD,20090601 00:34:26.012,1.41062,1.4107
EUR/USD,20090601 00:34:26.017,1.41059,1.4107
EUR/USD,20090601 00:34:26.070,1.41057,1.4107
EUR/USD,20090601 00:34:30.261,1.4106,1.41065
EUR/USD,20090601 00:34:30.270,1.41062,1.41065
EUR/USD,20090601 00:34:30.511,1.41062,1.41069
EUR/USD,20090601 00:34:30.513,1.41062,1.4107
EUR/USD,20090601 00:34:49.012,1.41062,1.41065
EUR/USD,20090601 00:34:49.014,1.41062,1.41066
EUR/USD,20090601 00:34:57.510,1.41066,1.41069
EUR/USD,20090601 00:34:57.523,1.41067,1.41069
EUR/USD,20090601 00:34:57.760,1.4107,1.41075
EUR/USD,20090601 00:34:57.761,1.41068,1.4108
EUR/USD,20090601 00:34:57.766,1.41072,1.4108
EUR/USD,20090601 00:34:59.260,1.41076,1.41079
EUR/USD,20090601 00:34:59.278,1.41077,1.41079
EUR/USD,20090601 00:35:01.258,1.41078,1.41085
EUR/USD,20090601 00:35:19.777,1.41078,1.41087
EUR/USD,20090601 00:35:25.510,1.41077,1.41087
EUR/USD,20090601 00:35:25.520,1.41074,1.41087
EUR/USD,20090601 00:35:25.571,1.41074,1.41084
EUR/USD,20090601 00:35:25.794,1.41074,1.41083
EUR/USD,20090601 00:35:26.322,1.41074,1.41084
EUR/USD,20090601 00:35:26.502,1.41074,1.41085
EUR/USD,20090601 00:35:26.815,1.41074,1.41083
EUR/USD,20090601 00:35:27.086,1.41074,1.41086
EUR/USD,20090601 00:35:27.761,1.41077,1.41083
EUR/USD,20090601 00:35:27.762,1.41076,1.41084
EUR/USD,20090601 00:35:28.015,1.41077,1.41086
EUR/USD,20090601 00:35:28.034,1.41077,1.41081
EUR/USD,20090601 00:35:28.263,1.41072,1.41081
EUR/USD,20090601 00:35:29.257,1.41074,1.41081
EUR/USD,20090601 00:35:32.757,1.41072,1.41081
EUR/USD,20090601 00:35:37.015,1.41072,1.4108
EUR/USD,20090601 00:35:37.021,1.41067,1.4108
EUR/USD,20090601 00:35:37.514,1.41067,1.41075
EUR/USD,20090601 00:35:37.517,1.41067,1.41077
EUR/USD,20090601 00:35:37.527,1.41057,1.41076
EUR/USD,20090601 00:35:37.607,1.41057,1.41075
EUR/USD,20090601 00:35:37.777,1.41062,1.41075
EUR/USD,20090601 00:35:37.842,1.41062,1.41077
EUR/USD,20090601 00:35:38.031,1.41057,1.41076
EUR/USD,20090601 00:35:38.075,1.41057,1.41075
EUR/USD,20090601 00:35:38.259,1.41057,1.41068
EUR/USD,20090601 00:35:38.260,1.41057,1.41064
EUR/USD,20090601 00:35:38.271,1.41054,1.41061
EUR/USD,20090601 00:35:38.331,1.41052,1.41061
EUR/USD,20090601 00:35:38.478,1.41056,1.41061
EUR/USD,20090601 00:35:38.513,1.41059,1.41061
EUR/USD,20090601 00:35:38.514,1.41057,1.41061
EUR/USD,20090601 00:35:38.520,1.41057,1.41069
EUR/USD,20090601 00:35:38.599,1.41057,1.41067
EUR/USD,20090601 00:35:38.708,1.41057,1.41069
EUR/USD,20090601 00:35:38.759,1.41054,1.41068
EUR/USD,20090601 00:35:38.760,1.41054,1.41063
EUR/USD,20090601 00:35:38.784,1.41054,1.41061
EUR/USD,20090601 00:35:39.036,1.41057,1.41063
EUR/USD,20090601 00:35:39.510,1.41057,1.41064
EUR/USD,20090601 00:35:39.513,1.41057,1.41063
EUR/USD,20090601 00:35:39.514,1.41057,1.41066
EUR/USD,20090601 00:35:40.259,1.41059,1.41066
EUR/USD,20090601 00:35:41.509,1.41062,1.41068
EUR/USD,20090601 00:35:52.257,1.41064,1.41071
EUR/USD,20090601 00:35:52.258,1.41062,1.41072
EUR/USD,20090601 00:36:00.509,1.41066,1.41073
EUR/USD,20090601 00:36:00.518,1.41067,1.41073
EUR/USD,20090601 00:36:06.509,1.41067,1.41075
EUR/USD,20090601 00:36:06.513,1.41064,1.41075
EUR/USD,20090601 00:36:06.514,1.41064,1.41071
EUR/USD,20090601 00:36:12.014,1.41062,1.41071
EUR/USD,20090601 00:36:12.261,1.41062,1.41069
EUR/USD,20090601 00:36:12.264,1.4106,1.41069
EUR/USD,20090601 00:36:12.513,1.41057,1.41069
EUR/USD,20090601 00:36:12.524,1.41054,1.41061
EUR/USD,20090601 00:36:13.014,1.41052,1.41061
EUR/USD,20090601 00:36:13.025,1.41052,1.41064
EUR/USD,20090601 00:36:13.060,1.41047,1.41064
EUR/USD,20090601 00:36:13.262,1.41047,1.41059
EUR/USD,20090601 00:36:13.274,1.41044,1.41059
EUR/USD,20090601 00:36:13.366,1.41042,1.41059
EUR/USD,20090601 00:36:17.257,1.41049,1.41053
EUR/USD,20090601 00:36:17.258,1.41047,1.41059
EUR/USD,20090601 00:36:25.013,1.41052,1.41059
EUR/USD,20090601 00:37:14.013,1.41057,1.41064
EUR/USD,20090601 00:37:28.259,1.41064,1.41068
EUR/USD,20090601 00:37:36.759,1.41062,1.41074
EUR/USD,20090601 00:37:36.767,1.41057,1.41074
EUR/USD,20090601 00:37:36.835,1.41057,1.41072
EUR/USD,20090601 00:37:36.962,1.41057,1.41074
EUR/USD,20090601 00:37:37.259,1.41064,1.41068
EUR/USD,20090601 00:37:37.513,1.41062,1.41073
EUR/USD,20090601 00:37:37.520,1.41059,1.41073
EUR/USD,20090601 00:37:37.552,1.41057,1.41071
EUR/USD,20090601 00:37:37.759,1.41064,1.41068
EUR/USD,20090601 00:37:38.016,1.41062,1.41074
EUR/USD,20090601 00:37:38.026,1.41057,1.41074
EUR/USD,20090601 00:37:38.260,1.41064,1.41068
EUR/USD,20090601 00:37:38.510,1.41072,1.41074
EUR/USD,20090601 00:37:38.571,1.41072,1.41074
EUR/USD,20090601 00:37:38.760,1.41074,1.41081
EUR/USD,20090601 00:37:38.779,1.41074,1.41082
EUR/USD,20090601 00:37:38.964,1.41074,1.41083
EUR/USD,20090601 00:37:39.262,1.41076,1.41083
EUR/USD,20090601 00:37:39.275,1.41077,1.41083
EUR/USD,20090601 00:37:47.760,1.41077,1.41085
EUR/USD,20090601 00:37:47.787,1.41082,1.41085
EUR/USD,20090601 00:37:48.018,1.41082,1.41086
EUR/USD,20090601 00:37:48.265,1.41082,1.41085
EUR/USD,20090601 00:37:48.759,1.41082,1.41089
EUR/USD,20090601 00:37:48.990,1.41082,1.41088
EUR/USD,20090601 00:37:49.016,1.41086,1.41091
EUR/USD,20090601 00:37:49.028,1.41092,1.41092
EUR/USD,20090601 00:37:52.012,1.41092,1.41098
EUR/USD,20090601 00:37:52.013,1.41092,1.41103
EUR/USD,20090601 00:37:52.014,1.41092,1.41101
EUR/USD,20090601 00:37:52.030,1.41097,1.41101
EUR/USD,20090601 00:37:52.470,1.41099,1.41101
EUR/USD,20090601 00:37:52.513,1.41099,1.41103
EUR/USD,20090601 00:37:52.515,1.41099,1.41101
EUR/USD,20090601 00:37:52.544,1.41102,1.41111
EUR/USD,20090601 00:37:52.764,1.41102,1.41108
EUR/USD,20090601 00:37:52.806,1.41097,1.41108
EUR/USD,20090601 00:37:53.018,1.41097,1.41103
EUR/USD,20090601 00:37:53.019,1.41097,1.41108
EUR/USD,20090601 00:37:53.020,1.41097,1.41101
EUR/USD,20090601 00:37:53.046,1.41102,1.41111
EUR/USD,20090601 00:37:53.273,1.41097,1.41111
EUR/USD,20090601 00:37:53.275,1.41097,1.41108
EUR/USD,20090601 00:37:53.276,1.41097,1.41106
EUR/USD,20090601 00:37:54.264,1.41097,1.41101
EUR/USD,20090601 00:37:54.295,1.41092,1.41101
EUR/USD,20090601 00:37:54.517,1.41092,1.41098
EUR/USD,20090601 00:37:54.519,1.41092,1.41096
EUR/USD,20090601 00:37:54.544,1.41097,1.41107
EUR/USD,20090601 00:37:54.568,1.41097,1.41105
EUR/USD,20090601 00:37:54.630,1.41097,1.4111
EUR/USD,20090601 00:37:54.764,1.41097,1.41103
EUR/USD,20090601 00:37:54.767,1.41097,1.41101
EUR/USD,20090601 00:37:54.768,1.41091,1.41096
EUR/USD,20090601 00:37:54.806,1.41092,1.41096
EUR/USD,20090601 00:37:55.042,1.4109,1.41096
EUR/USD,20090601 00:37:55.100,1.41087,1.41096
EUR/USD,20090601 00:37:55.214,1.41087,1.41096
EUR/USD,20090601 00:37:55.267,1.41087,1.41098
EUR/USD,20090601 00:37:55.272,1.41087,1.41096
EUR/USD,20090601 00:37:55.273,1.41084,1.41086
EUR/USD,20090601 00:37:55.275,1.41084,1.41095
EUR/USD,20090601 00:37:55.291,1.41084,1.41091
EUR/USD,20090601 00:37:55.345,1.41082,1.41091
EUR/USD,20090601 00:37:55.509,1.41082,1.41091
EUR/USD,20090601 00:37:55.551,1.41082,1.41094
EUR/USD,20090601 00:37:55.552,1.41092,1.41094
EUR/USD,20090601 00:37:55.662,1.41092,1.41096
EUR/USD,20090601 00:37:55.761,1.41092,1.41098
EUR/USD,20090601 00:37:55.762,1.41092,1.41093
EUR/USD,20090601 00:37:55.766,1.41087,1.41093
EUR/USD,20090601 00:37:56.015,1.41087,1.41091
EUR/USD,20090601 00:37:56.016,1.41081,1.41086
EUR/USD,20090601 00:37:56.017,1.41081,1.41093
EUR/USD,20090601 00:37:56.018,1.41081,1.41088
EUR/USD,20090601 00:37:56.029,1.41082,1.41088
EUR/USD,20090601 00:37:56.264,1.41082,1.41091
EUR/USD,20090601 00:37:56.269,1.41086,1.41088
EUR/USD,20090601 00:37:56.536,1.41087,1.41088
EUR/USD,20090601 00:37:56.765,1.41087,1.41096
EUR/USD,20090601 00:37:56.767,1.41087,1.41098
EUR/USD,20090601 00:37:57.263,1.41091,1.41095
EUR/USD,20090601 00:37:57.265,1.41092,1.41093
EUR/USD,20090601 00:37:57.286,1.41097,1.41107
EUR/USD,20090601 00:37:57.331,1.41097,1.41108
EUR/USD,20090601 00:37:57.514,1.41097,1.41103
EUR/USD,20090601 00:37:57.515,1.41097,1.41101
EUR/USD,20090601 00:37:57.516,1.41089,1.41096
EUR/USD,20090601 00:37:57.526,1.41092,1.41096
EUR/USD,20090601 00:37:58.034,1.41087,1.41096
EUR/USD,20090601 00:38:00.971,1.4109,1.41096
EUR/USD,20090601 00:38:01.017,1.4109,1.41093
EUR/USD,20090601 00:38:01.037,1.41092,1.41093
EUR/USD,20090601 00:38:01.761,1.41092,1.41096
EUR/USD,20090601 00:38:01.768,1.41087,1.41096
EUR/USD,20090601 00:38:07.511,1.41087,1.41091
EUR/USD,20090601 00:38:07.512,1.41087,1.41093
EUR/USD,20090601 00:38:08.183,1.41087,1.41095
EUR/USD,20090601 00:38:08.260,1.41087,1.41091
EUR/USD,20090601 00:38:08.261,1.41087,1.41093
EUR/USD,20090601 00:38:17.759,1.41087,1.41096
EUR/USD,20090601 00:38:17.760,1.41087,1.41098
EUR/USD,20090601 00:38:29.758,1.41087,1.41091
EUR/USD,20090601 00:38:29.759,1.41087,1.41096
EUR/USD,20090601 00:38:29.769,1.41092,1.41096
EUR/USD,20090601 00:38:30.509,1.41092,1.41098
EUR/USD,20090601 00:38:30.510,1.41094,1.41096
EUR/USD,20090601 00:38:30.759,1.41092,1.41101
EUR/USD,20090601 00:38:31.015,1.41092,1.41096
EUR/USD,20090601 00:38:31.024,1.4109,1.41096
EUR/USD,20090601 00:38:31.081,1.41087,1.41096
EUR/USD,20090601 00:38:35.510,1.41087,1.41091
EUR/USD,20090601 00:38:37.258,1.41087,1.41096
EUR/USD,20090601 00:38:39.259,1.41089,1.41094
EUR/USD,20090601 00:38:39.261,1.4109,1.41093
EUR/USD,20090601 00:38:39.267,1.41092,1.41093
EUR/USD,20090601 00:38:40.258,1.41092,1.41101
EUR/USD,20090601 00:38:40.512,1.41092,1.41098
EUR/USD,20090601 00:38:40.513,1.41089,1.41091
EUR/USD,20090601 00:38:40.514,1.41092,1.41103
EUR/USD,20090601 00:38:40.523,1.41089,1.41103
EUR/USD,20090601 00:38:40.562,1.41087,1.41103
EUR/USD,20090601 00:38:40.948,1.41087,1.41105
EUR/USD,20090601 00:38:41.258,1.41087,1.41093
EUR/USD,20090601 00:38:44.013,1.41091,1.41095
EUR/USD,20090601 00:38:46.766,1.41092,1.41095
EUR/USD,20090601 00:38:51.760,1.41092,1.41101
EUR/USD,20090601 00:38:52.013,1.41092,1.41101
EUR/USD,20090601 00:38:52.022,1.41092,1.41103
EUR/USD,20090601 00:38:52.516,1.41092,1.41101
EUR/USD,20090601 00:38:54.758,1.41092,1.41099
EUR/USD,20090601 00:38:57.260,1.41094,1.41101
EUR/USD,20090601 00:38:57.261,1.41092,1.41102
EUR/USD,20090601 00:38:59.014,1.41092,1.41104
EUR/USD,20090601 00:38:59.516,1.41097,1.41104
EUR/USD,20090601 00:39:02.761,1.41097,1.41102
EUR/USD,20090601 00:39:02.762,1.41097,1.411
EUR/USD,20090601 00:39:02.766,1.41102,1.41109
EUR/USD,20090601 00:39:02.815,1.41102,1.41112
EUR/USD,20090601 00:39:05.000,1.41102,1.41111
EUR/USD,20090601 00:39:05.016,1.41102,1.41108
EUR/USD,20090601 00:39:05.025,1.41097,1.41108
EUR/USD,20090601 00:39:05.264,1.41097,1.41103
EUR/USD,20090601 00:39:05.265,1.41091,1.41096
EUR/USD,20090601 00:39:05.274,1.41092,1.41096
EUR/USD,20090601 00:39:05.760,1.41092,1.41098
EUR/USD,20090601 00:39:05.772,1.41097,1.41098
EUR/USD,20090601 00:39:06.014,1.41097,1.41103
EUR/USD,20090601 00:39:06.015,1.41097,1.41101
EUR/USD,20090601 00:39:06.031,1.41092,1.41101
EUR/USD,20090601 00:39:10.015,1.41092,1.41098
EUR/USD,20090601 00:39:10.016,1.41092,1.41101
EUR/USD,20090601 00:39:10.017,1.41092,1.41096
EUR/USD,20090601 00:39:10.034,1.41097,1.41111
EUR/USD,20090601 00:39:10.513,1.41097,1.41103
EUR/USD,20090601 00:39:10.514,1.41097,1.41101
EUR/USD,20090601 00:39:10.543,1.41102,1.41111
EUR/USD,20090601 00:39:10.610,1.41102,1.41113
EUR/USD,20090601 00:39:10.839,1.41102,1.41114
EUR/USD,20090601 00:39:11.086,1.41102,1.41115
EUR/USD,20090601 00:39:15.469,1.41102,1.41114
EUR/USD,20090601 00:39:15.513,1.41102,1.41106
EUR/USD,20090601 00:39:15.524,1.41097,1.41106
EUR/USD,20090601 00:39:18.260,1.41097,1.41101
EUR/USD,20090601 00:39:18.472,1.41104,1.41119
EUR/USD,20090601 00:39:18.514,1.41106,1.41108
EUR/USD,20090601 00:39:18.529,1.41112,1.41119
EUR/USD,20090601 00:39:18.595,1.41112,1.4112
EUR/USD,20090601 00:39:18.762,1.41112,1.41118
EUR/USD,20090601 00:39:18.763,1.41106,1.41108
EUR/USD,20090601 00:39:18.823,1.41102,1.41108
EUR/USD,20090601 00:39:20.758,1.41102,1.41106
EUR/USD,20090601 00:39:20.772,1.41097,1.41106
EUR/USD,20090601 00:39:27.456,1.41097,1.41105
EUR/USD,20090601 00:39:27.510,1.41097,1.41103
EUR/USD,20090601 00:39:27.528,1.41092,1.41101
EUR/USD,20090601 00:39:32.758,1.41092,1.41096
EUR/USD,20090601 00:39:32.759,1.41092,1.41098
EUR/USD,20090601 00:39:33.016,1.41097,1.41101
EUR/USD,20090601 00:39:33.017,1.41096,1.41108
EUR/USD,20090601 00:39:33.037,1.41102,1.41108
EUR/USD,20090601 00:39:36.761,1.41102,1.41106
EUR/USD,20090601 00:39:36.778,1.41107,1.41112
EUR/USD,20090601 00:39:36.821,1.41107,1.41119
EUR/USD,20090601 00:39:36.981,1.41107,1.41121
EUR/USD,20090601 00:39:37.017,1.41107,1.41113
EUR/USD,20090601 00:39:37.020,1.41107,1.41111
EUR/USD,20090601 00:39:37.021,1.41107,1.41116
EUR/USD,20090601 00:39:37.033,1.41112,1.41116
EUR/USD,20090601 00:39:38.263,1.41112,1.41118
EUR/USD,20090601 00:39:44.012,1.41107,1.41111
EUR/USD,20090601 00:39:44.013,1.41107,1.41116
EUR/USD,20090601 00:39:44.026,1.41112,1.41116
EUR/USD,20090601 00:39:48.118,1.41111,1.41116
EUR/USD,20090601 00:39:52.277,1.41097,1.41116
EUR/USD,20090601 00:39:52.580,1.41097,1.41116
EUR/USD,20090601 00:39:56.258,1.41102,1.41106
EUR/USD,20090601 00:40:00.512,1.41101,1.41113
EUR/USD,20090601 00:40:00.522,1.41101,1.4111
EUR/USD,20090601 00:40:24.013,1.41101,1.41108
EUR/USD,20090601 00:40:24.014,1.41101,1.41106
EUR/USD,20090601 00:40:24.036,1.41098,1.41106
EUR/USD,20090601 00:40:24.064,1.41095,1.41106
EUR/USD,20090601 00:40:26.762,1.41102,1.41106
EUR/USD,20090601 00:40:26.763,1.41103,1.41104
EUR/USD,20090601 00:40:27.762,1.41109,1.41112
EUR/USD,20090601 00:40:27.763,1.41107,1.41114
EUR/USD,20090601 00:40:27.765,1.41107,1.41116
EUR/USD,20090601 00:40:27.775,1.41107,1.41113
EUR/USD,20090601 00:40:39.280,1.41107,1.41119
EUR/USD,20090601 00:40:40.511,1.41104,1.41118
EUR/USD,20090601 00:40:40.521,1.41104,1.41107
EUR/USD,20090601 00:40:40.762,1.41107,1.41107
EUR/USD,20090601 00:40:40.773,1.41107,1.41114
EUR/USD,20090601 00:40:40.830,1.41107,1.41114
EUR/USD,20090601 00:40:43.511,1.41112,1.41118
EUR/USD,20090601 00:40:43.512,1.41111,1.41119
EUR/USD,20090601 00:40:44.759,1.41117,1.41121
EUR/USD,20090601 00:40:44.760,1.41117,1.41122
EUR/USD,20090601 00:40:44.761,1.41116,1.41122
EUR/USD,20090601 00:40:44.776,1.41116,1.41128
EUR/USD,20090601 00:40:45.014,1.41113,1.41126
EUR/USD,20090601 00:40:45.015,1.41112,1.41128
EUR/USD,20090601 00:40:45.022,1.41112,1.41122
EUR/USD,20090601 00:40:47.014,1.41117,1.41122
EUR/USD,20090601 00:40:47.015,1.41116,1.41122
EUR/USD,20090601 00:40:47.035,1.41116,1.41128
EUR/USD,20090601 00:40:47.758,1.41112,1.41126
EUR/USD,20090601 00:40:47.759,1.41111,1.41128
EUR/USD,20090601 00:40:48.512,1.41108,1.41123
EUR/USD,20090601 00:40:48.513,1.41108,1.41116
EUR/USD,20090601 00:40:53.973,1.41107,1.41116
EUR/USD,20090601 00:40:54.013,1.41106,1.4113
EUR/USD,20090601 00:40:54.034,1.41117,1.41136
EUR/USD,20090601 00:40:54.083,1.41124,1.41136
EUR/USD,20090601 00:40:54.289,1.41124,1.4113
EUR/USD,20090601 00:40:54.330,1.41117,1.4113
EUR/USD,20090601 00:40:54.473,1.41126,1.4113
EUR/USD,20090601 00:40:54.513,1.41126,1.41128
EUR/USD,20090601 00:40:54.514,1.41126,1.41126
EUR/USD,20090601 00:40:54.523,1.41113,1.4112
EUR/USD,20090601 00:40:54.523,1.41125,1.41126
EUR/USD,20090601 00:40:55.758,1.41118,1.41122
EUR/USD,20090601 00:40:56.758,1.41126,1.41128
EUR/USD,20090601 00:40:57.262,1.41123,1.41136
EUR/USD,20090601 00:40:57.265,1.41123,1.41132
EUR/USD,20090601 00:40:57.277,1.41123,1.41131
EUR/USD,20090601 00:40:57.309,1.41123,1.41131
EUR/USD,20090601 00:40:57.759,1.41126,1.41131
EUR/USD,20090601 00:40:57.770,1.41126,1.41133
EUR/USD,20090601 00:41:00.763,1.41124,1.41136
EUR/USD,20090601 00:41:00.775,1.41124,1.41131
EUR/USD,20090601 00:41:00.809,1.41121,1.41131
EUR/USD,20090601 00:41:01.513,1.4112,1.41131
EUR/USD,20090601 00:41:01.524,1.4112,1.41126
EUR/USD,20090601 00:41:01.578,1.41119,1.41126
EUR/USD,20090601 00:41:02.491,1.41118,1.41126
EUR/USD,20090601 00:41:03.015,1.41126,1.41126
EUR/USD,20090601 00:41:03.024,1.41126,1.41128
EUR/USD,20090601 00:41:03.759,1.41125,1.41136
EUR/USD,20090601 00:41:03.806,1.41123,1.41136
EUR/USD,20090601 00:41:03.972,1.41123,1.41133
EUR/USD,20090601 00:41:04.014,1.41119,1.41133
EUR/USD,20090601 00:41:04.015,1.41119,1.41128
EUR/USD,20090601 00:41:04.028,1.41119,1.41126
EUR/USD,20090601 00:41:05.013,1.41123,1.41126
EUR/USD,20090601 00:41:05.014,1.41121,1.41126
EUR/USD,20090601 00:41:05.028,1.41121,1.41131
EUR/USD,20090601 00:41:06.261,1.41119,1.41131
EUR/USD,20090601 00:41:06.263,1.41119,1.41127
EUR/USD,20090601 00:41:06.329,1.41118,1.41127
EUR/USD,20090601 00:41:07.971,1.41122,1.41127
EUR/USD,20090601 00:41:08.015,1.41122,1.4113
EUR/USD,20090601 00:41:08.020,1.41126,1.41128
EUR/USD,20090601 00:41:10.015,1.41123,1.41136
EUR/USD,20090601 00:41:10.027,1.41123,1.41131
EUR/USD,20090601 00:41:10.261,1.41126,1.41131
EUR/USD,20090601 00:41:10.262,1.41128,1.41131
EUR/USD,20090601 00:41:10.275,1.41128,1.41136
EUR/USD,20090601 00:41:10.510,1.41121,1.41136
EUR/USD,20090601 00:41:10.520,1.41121,1.41131
EUR/USD,20090601 00:41:11.015,1.41123,1.41131
EUR/USD,20090601 00:41:11.054,1.41123,1.41141
EUR/USD,20090601 00:41:11.082,1.41125,1.41141
EUR/USD,20090601 00:41:11.232,1.41125,1.41142
EUR/USD,20090601 00:41:11.261,1.41126,1.41142
EUR/USD,20090601 00:41:11.286,1.41126,1.4114
EUR/USD,20090601 00:41:14.260,1.41128,1.41137
EUR/USD,20090601 00:41:17.510,1.41131,1.41138
EUR/USD,20090601 00:41:17.511,1.41132,1.41137
EUR/USD,20090601 00:41:19.258,1.41137,1.41141
EUR/USD,20090601 00:41:19.259,1.41136,1.41142
EUR/USD,20090601 00:41:19.268,1.41136,1.41147
EUR/USD,20090601 00:41:19.269,1.41138,1.41147
EUR/USD,20090601 00:41:21.036,1.41131,1.41147
EUR/USD,20090601 00:41:21.260,1.41138,1.41142
EUR/USD,20090601 00:41:21.509,1.41138,1.41147
EUR/USD,20090601 00:41:21.510,1.41138,1.41147
EUR/USD,20090601 00:41:21.517,1.41136,1.41147
EUR/USD,20090601 00:41:21.518,1.41136,1.41142
EUR/USD,20090601 00:41:21.544,1.41131,1.41142
EUR/USD,20090601 00:41:22.262,1.41133,1.41142
EUR/USD,20090601 00:41:22.274,1.41133,1.4115
EUR/USD,20090601 00:41:22.762,1.41146,1.4115
EUR/USD,20090601 00:41:22.763,1.41148,1.4115
EUR/USD,20090601 00:41:22.773,1.41148,1.41157
EUR/USD,20090601 00:41:23.016,1.41141,1.41158
EUR/USD,20090601 00:41:23.017,1.41141,1.41153
EUR/USD,20090601 00:41:23.029,1.41141,1.4115
EUR/USD,20090601 00:41:23.760,1.41138,1.4115
EUR/USD,20090601 00:41:23.761,1.41136,1.4115
EUR/USD,20090601 00:41:25.015,1.41141,1.41148
EUR/USD,20090601 00:41:25.016,1.41141,1.4115
EUR/USD,20090601 00:41:25.017,1.41142,1.4115
EUR/USD,20090601 00:41:25.031,1.41142,1.41151
EUR/USD,20090601 00:41:25.263,1.41137,1.41151
EUR/USD,20090601 00:41:25.276,1.41138,1.41147
EUR/USD,20090601 00:41:25.523,1.41141,1.41147
EUR/USD,20090601 00:41:25.524,1.41141,1.41148
EUR/USD,20090601 00:41:25.524,1.41142,1.41146
EUR/USD,20090601 00:41:26.264,1.41137,1.41151
EUR/USD,20090601 00:41:26.265,1.41137,1.41153
EUR/USD,20090601 00:41:26.289,1.41138,1.41147
EUR/USD,20090601 00:41:26.312,1.41139,1.41147
EUR/USD,20090601 00:41:26.355,1.4114,1.41147
EUR/USD,20090601 00:41:26.965,1.41145,1.41147
EUR/USD,20090601 00:41:27.015,1.41146,1.41147
EUR/USD,20090601 00:41:27.025,1.4115,1.41157
EUR/USD,20090601 00:41:27.036,1.41148,1.41157
EUR/USD,20090601 00:41:27.062,1.41148,1.41157
EUR/USD,20090601 00:41:27.266,1.41148,1.41158
EUR/USD,20090601 00:41:27.270,1.41148,1.41157
EUR/USD,20090601 00:41:27.512,1.41148,1.41156
EUR/USD,20090601 00:41:27.522,1.41142,1.41156
EUR/USD,20090601 00:41:27.523,1.41142,1.41152
EUR/USD,20090601 00:41:27.764,1.41142,1.41156
EUR/USD,20090601 00:41:27.770,1.41142,1.41152
EUR/USD,20090601 00:41:27.901,1.41142,1.41156
EUR/USD,20090601 00:41:28.501,1.41142,1.41152
EUR/USD,20090601 00:41:28.539,1.41142,1.41156
EUR/USD,20090601 00:41:28.962,1.41142,1.41152
EUR/USD,20090601 00:41:29.267,1.41142,1.41156
EUR/USD,20090601 00:41:29.284,1.41142,1.41152
EUR/USD,20090601 00:41:30.258,1.41147,1.41151
EUR/USD,20090601 00:41:30.273,1.4115,1.41151
EUR/USD,20090601 00:41:30.510,1.4115,1.41156
EUR/USD,20090601 00:41:30.511,1.4115,1.41158
EUR/USD,20090601 00:41:30.512,1.4115,1.41153
EUR/USD,20090601 00:41:30.522,1.41147,1.41152
EUR/USD,20090601 00:41:30.524,1.41147,1.41153
EUR/USD,20090601 00:41:30.577,1.41141,1.41153
EUR/USD,20090601 00:41:30.759,1.41147,1.41151
EUR/USD,20090601 00:41:30.768,1.41148,1.41151
EUR/USD,20090601 00:41:31.013,1.41148,1.41156
EUR/USD,20090601 00:41:31.015,1.41148,1.41158
EUR/USD,20090601 00:41:31.029,1.41147,1.41158
EUR/USD,20090601 00:41:31.067,1.41141,1.41158
EUR/USD,20090601 00:41:31.446,1.41143,1.41158
EUR/USD,20090601 00:41:32.632,1.41143,1.41152
EUR/USD,20090601 00:41:37.984,1.41141,1.41152
EUR/USD,20090601 00:41:38.486,1.41155,1.41158
EUR/USD,20090601 00:41:38.514,1.41146,1.41153
EUR/USD,20090601 00:41:38.516,1.41147,1.41151
EUR/USD,20090601 00:41:38.762,1.41151,1.41158
EUR/USD,20090601 00:41:38.763,1.41152,1.4116
EUR/USD,20090601 00:41:38.775,1.41152,1.41161
EUR/USD,20090601 00:41:39.018,1.41156,1.41162
EUR/USD,20090601 00:41:39.043,1.41156,1.41163
EUR/USD,20090601 00:41:40.763,1.41151,1.41168
EUR/USD,20090601 00:41:40.765,1.41151,1.41166
EUR/USD,20090601 00:41:40.786,1.4115,1.41159
EUR/USD,20090601 00:41:40.788,1.41148,1.41159
EUR/USD,20090601 00:41:40.833,1.41149,1.41159
EUR/USD,20090601 00:41:40.956,1.41148,1.41159
EUR/USD,20090601 00:41:41.015,1.41156,1.41158
EUR/USD,20090601 00:41:41.016,1.41148,1.41159
EUR/USD,20090601 00:41:41.025,1.41151,1.41161
EUR/USD,20090601 00:41:41.071,1.41151,1.41166
EUR/USD,20090601 00:41:46.012,1.41152,1.41166
EUR/USD,20090601 00:41:46.013,1.41151,1.41168
EUR/USD,20090601 00:41:46.038,1.41151,1.41162
EUR/USD,20090601 00:41:46.312,1.41152,1.41162
EUR/USD,20090601 00:41:46.454,1.41154,1.41162
EUR/USD,20090601 00:41:46.558,1.41152,1.41162
EUR/USD,20090601 00:41:47.018,1.41156,1.41162
EUR/USD,20090601 00:41:47.019,1.41157,1.41161
EUR/USD,20090601 00:41:47.040,1.4116,1.41161
EUR/USD,20090601 00:41:47.855,1.41161,1.41161
EUR/USD,20090601 00:41:48.450,1.41162,1.41169
EUR/USD,20090601 00:41:48.801,1.41161,1.41169
EUR/USD,20090601 00:41:48.946,1.4116,1.41169
EUR/USD,20090601 00:41:49.091,1.41162,1.41169
EUR/USD,20090601 00:41:49.176,1.41163,1.41169
EUR/USD,20090601 00:41:49.464,1.41164,1.41169
EUR/USD,20090601 00:41:54.013,1.41164,1.41166
EUR/USD,20090601 00:41:54.014,1.41164,1.41169
EUR/USD,20090601 00:41:54.018,1.41164,1.41173
EUR/USD,20090601 00:41:54.054,1.41163,1.41173
EUR/USD,20090601 00:41:54.309,1.41164,1.41173
EUR/USD,20090601 00:41:54.482,1.41162,1.41173
EUR/USD,20090601 00:41:59.337,1.41161,1.41173
EUR/USD,20090601 00:42:02.758,1.41161,1.41171
EUR/USD,20090601 00:42:02.759,1.41161,1.41173
EUR/USD,20090601 00:42:02.780,1.41161,1.41169
EUR/USD,20090601 00:42:02.799,1.41162,1.41169
EUR/USD,20090601 00:42:02.951,1.41165,1.41169
EUR/USD,20090601 00:42:03.807,1.41164,1.41169
EUR/USD,20090601 00:42:08.310,1.41165,1.41169
EUR/USD,20090601 00:42:08.375,1.41163,1.41169
EUR/USD,20090601 00:42:08.961,1.41164,1.41169
EUR/USD,20090601 00:42:09.309,1.41163,1.41169
EUR/USD,20090601 00:42:09.809,1.41164,1.41169
EUR/USD,20090601 00:42:11.995,1.41161,1.41169
EUR/USD,20090601 00:42:12.018,1.41161,1.41166
EUR/USD,20090601 00:42:12.022,1.41161,1.41168
EUR/USD,20090601 00:42:12.039,1.4115,1.41159
EUR/USD,20090601 00:42:12.096,1.41153,1.41159
EUR/USD,20090601 00:42:12.265,1.41153,1.41158
EUR/USD,20090601 00:42:12.266,1.41153,1.41159
EUR/USD,20090601 00:42:12.283,1.41153,1.41163
EUR/USD,20090601 00:42:12.321,1.41154,1.41163
EUR/USD,20090601 00:42:13.301,1.41153,1.41163
EUR/USD,20090601 00:42:13.763,1.41156,1.41163
EUR/USD,20090601 00:42:13.764,1.41157,1.41161
EUR/USD,20090601 00:42:13.779,1.4116,1.41161
EUR/USD,20090601 00:42:14.265,1.4116,1.41166
EUR/USD,20090601 00:42:14.269,1.4116,1.41168
EUR/USD,20090601 00:42:14.272,1.41158,1.41168
EUR/USD,20090601 00:42:14.275,1.41158,1.41162
EUR/USD,20090601 00:42:14.279,1.41158,1.41168
EUR/USD,20090601 00:42:14.346,1.41152,1.41168
EUR/USD,20090601 00:42:15.960,1.41154,1.41168
EUR/USD,20090601 00:42:16.463,1.41155,1.41168
EUR/USD,20090601 00:42:16.513,1.41156,1.41163
EUR/USD,20090601 00:42:16.515,1.41157,1.41161
EUR/USD,20090601 00:42:16.526,1.4116,1.41161
EUR/USD,20090601 00:42:17.522,1.4113,1.4115
EUR/USD,20090601 00:42:17.689,1.41147,1.4115
EUR/USD,20090601 00:42:17.834,1.4115,1.4115
EUR/USD,20090601 00:42:17.995,1.41147,1.4115
EUR/USD,20090601 00:42:18.047,1.41147,1.41156
EUR/USD,20090601 00:42:18.263,1.41156,1.41158
EUR/USD,20090601 00:42:18.280,1.4116,1.41169
EUR/USD,20090601 00:42:21.016,1.4116,1.41168
EUR/USD,20090601 00:42:21.017,1.41159,1.41168
EUR/USD,20090601 00:42:21.017,1.41159,1.41161
EUR/USD,20090601 00:42:21.075,1.41152,1.41161
EUR/USD,20090601 00:42:22.758,1.41152,1.41162
EUR/USD,20090601 00:42:22.771,1.41152,1.41157
EUR/USD,20090601 00:42:22.827,1.41153,1.41157
EUR/USD,20090601 00:42:22.958,1.41155,1.41157
EUR/USD,20090601 00:42:23.015,1.41156,1.41157
EUR/USD,20090601 00:42:23.018,1.41155,1.41157
EUR/USD,20090601 00:42:23.028,1.4116,1.41166
EUR/USD,20090601 00:42:23.512,1.4116,1.41168
EUR/USD,20090601 00:42:23.513,1.4116,1.41166
EUR/USD,20090601 00:42:23.548,1.41154,1.41166
EUR/USD,20090601 00:42:23.766,1.41154,1.41162
EUR/USD,20090601 00:42:23.767,1.41154,1.41166
EUR/USD,20090601 00:42:26.465,1.41155,1.41166
EUR/USD,20090601 00:42:27.013,1.41157,1.41161
EUR/USD,20090601 00:42:27.017,1.4116,1.41161
EUR/USD,20090601 00:42:28.014,1.4116,1.41166
EUR/USD,20090601 00:42:28.015,1.4116,1.41168
EUR/USD,20090601 00:42:28.024,1.41155,1.41162
EUR/USD,20090601 00:42:28.028,1.41155,1.41168
EUR/USD,20090601 00:42:40.758,1.41155,1.41161
EUR/USD,20090601 00:42:40.759,1.41155,1.41163
EUR/USD,20090601 00:42:40.792,1.41144,1.4115
EUR/USD,20090601 00:42:40.803,1.4115,1.4115
EUR/USD,20090601 00:42:40.951,1.41151,1.41163
EUR/USD,20090601 00:42:41.262,1.41151,1.41156
EUR/USD,20090601 00:42:41.263,1.41151,1.41153
EUR/USD,20090601 00:42:41.318,1.4115,1.41153
EUR/USD,20090601 00:42:41.762,1.4115,1.41161
EUR/USD,20090601 00:42:41.763,1.41151,1.41153
EUR/USD,20090601 00:42:43.091,1.41152,1.41153
EUR/USD,20090601 00:42:50.059,1.41151,1.41153
EUR/USD,20090601 00:42:52.425,1.41153,1.41153
EUR/USD,20090601 00:42:53.936,1.41151,1.41153
EUR/USD,20090601 00:42:54.759,1.4115,1.41161
EUR/USD,20090601 00:42:54.766,1.4115,1.41161
EUR/USD,20090601 00:42:54.796,1.4115,1.4115
EUR/USD,20090601 00:42:54.831,1.41149,1.4115
EUR/USD,20090601 00:42:54.937,1.41146,1.4115
EUR/USD,20090601 00:42:55.029,1.41146,1.41147
EUR/USD,20090601 00:42:55.442,1.41145,1.41147
EUR/USD,20090601 00:42:55.936,1.41144,1.41147
EUR/USD,20090601 00:42:56.447,1.41148,1.4115
EUR/USD,20090601 00:42:56.512,1.41148,1.41149
EUR/USD,20090601 00:42:56.514,1.41143,1.41146
EUR/USD,20090601 00:42:56.763,1.41151,1.41153
EUR/USD,20090601 00:42:57.057,1.41152,1.4116
EUR/USD,20090601 00:42:57.512,1.41146,1.41162
EUR/USD,20090601 00:42:57.514,1.41147,1.41161
EUR/USD,20090601 00:42:57.515,1.41147,1.41156
EUR/USD,20090601 00:42:59.258,1.41152,1.41156
EUR/USD,20090601 00:42:59.259,1.41151,1.41158
EUR/USD,20090601 00:43:02.763,1.41157,1.41161
EUR/USD,20090601 00:43:17.512,1.41151,1.41168
EUR/USD,20090601 00:43:17.514,1.41152,1.41166
EUR/USD,20090601 00:43:17.536,1.41152,1.4116
EUR/USD,20090601 00:43:19.018,1.41151,1.4116
EUR/USD,20090601 00:43:19.019,1.41152,1.4116
EUR/USD,20090601 00:43:19.029,1.41152,1.4117
EUR/USD,20090601 00:43:19.102,1.41154,1.4117
EUR/USD,20090601 00:43:19.433,1.41152,1.4117
EUR/USD,20090601 00:43:20.298,1.41153,1.4117
EUR/USD,20090601 00:43:20.512,1.41159,1.4117
EUR/USD,20090601 00:43:20.519,1.41159,1.41169
EUR/USD,20090601 00:43:21.015,1.41163,1.41169
EUR/USD,20090601 00:43:21.016,1.41164,1.41168
EUR/USD,20090601 00:43:22.260,1.41159,1.4117
EUR/USD,20090601 00:43:22.283,1.41159,1.41169
EUR/USD,20090601 00:43:22.285,1.41159,1.41162
EUR/USD,20090601 00:43:22.760,1.41162,1.41162
EUR/USD,20090601 00:43:22.761,1.41164,1.41168
EUR/USD,20090601 00:43:25.510,1.41161,1.41169
EUR/USD,20090601 00:43:25.515,1.41161,1.41162
EUR/USD,20090601 00:43:25.521,1.41161,1.41169
EUR/USD,20090601 00:43:25.573,1.41157,1.41169
EUR/USD,20090601 00:43:25.762,1.41154,1.41168
EUR/USD,20090601 00:43:25.763,1.41154,1.41169
EUR/USD,20090601 00:43:25.764,1.41154,1.41164
EUR/USD,20090601 00:43:25.788,1.41154,1.41157
EUR/USD,20090601 00:43:25.790,1.41154,1.41159
EUR/USD,20090601 00:43:25.852,1.41153,1.41159
EUR/USD,20090601 00:43:26.272,1.41147,1.41152
EUR/USD,20090601 00:43:26.290,1.41147,1.41159
EUR/USD,20090601 00:43:26.423,1.41148,1.41159
EUR/USD,20090601 00:43:26.513,1.41152,1.41159
EUR/USD,20090601 00:43:26.514,1.41154,1.41158
EUR/USD,20090601 00:43:26.517,1.41154,1.41157
EUR/USD,20090601 00:43:26.534,1.41154,1.41158
EUR/USD,20090601 00:43:27.514,1.41154,1.41159
EUR/USD,20090601 00:43:27.525,1.41154,1.41165
EUR/USD,20090601 00:43:27.576,1.41154,1.4117
EUR/USD,20090601 00:43:28.758,1.41152,1.4117
EUR/USD,20090601 00:43:28.771,1.41152,1.41157
EUR/USD,20090601 00:43:29.762,1.41151,1.41157
EUR/USD,20090601 00:43:29.799,1.41151,1.41159
EUR/USD,20090601 00:43:29.802,1.41151,1.41152
EUR/USD,20090601 00:43:29.811,1.41147,1.41152
EUR/USD,20090601 00:43:30.618,1.41147,1.41159
EUR/USD,20090601 00:43:30.765,1.41154,1.41158
EUR/USD,20090601 00:43:30.766,1.41152,1.41159
EUR/USD,20090601 00:43:42.763,1.41152,1.4116
EUR/USD,20090601 00:43:42.765,1.41154,1.4116
EUR/USD,20090601 00:43:42.782,1.4117,1.41173
EUR/USD,20090601 00:43:42.845,1.4117,1.41176
EUR/USD,20090601 00:43:43.263,1.4117,1.41178
EUR/USD,20090601 00:43:43.264,1.4117,1.41176
EUR/USD,20090601 00:43:43.287,1.41159,1.4116
EUR/USD,20090601 00:43:43.534,1.41159,1.41169
EUR/USD,20090601 00:43:43.542,1.41159,1.41162
EUR/USD,20090601 00:43:49.891,1.41159,1.41169
EUR/USD,20090601 00:44:01.090,1.41159,1.41162
EUR/USD,20090601 00:44:08.042,1.41159,1.41169
EUR/USD,20090601 00:44:10.510,1.41164,1.41168
EUR/USD,20090601 00:44:12.261,1.41157,1.4117
EUR/USD,20090601 00:44:12.262,1.41159,1.4117
EUR/USD,20090601 00:44:12.274,1.41159,1.4116
EUR/USD,20090601 00:44:13.258,1.41154,1.4116
EUR/USD,20090601 00:44:17.260,1.41157,1.4116
EUR/USD,20090601 00:44:17.266,1.41157,1.41169
EUR/USD,20090601 00:44:17.274,1.41157,1.41162
EUR/USD,20090601 00:44:18.261,1.41154,1.41162
EUR/USD,20090601 00:44:18.262,1.41152,1.41162
EUR/USD,20090601 00:44:18.274,1.41152,1.41159
EUR/USD,20090601 00:44:18.280,1.41152,1.41157
EUR/USD,20090601 00:44:18.513,1.41149,1.41157
EUR/USD,20090601 00:44:18.514,1.41148,1.41157
EUR/USD,20090601 00:44:18.538,1.41147,1.41159
EUR/USD,20090601 00:44:18.540,1.41147,1.41152
EUR/USD,20090601 00:44:18.765,1.41157,1.41159
EUR/USD,20090601 00:44:19.016,1.41154,1.41162
EUR/USD,20090601 00:44:19.033,1.41154,1.4116
EUR/USD,20090601 00:44:19.261,1.41144,1.4116
EUR/USD,20090601 00:44:19.276,1.41144,1.41147
EUR/USD,20090601 00:44:21.262,1.41142,1.41147
EUR/USD,20090601 00:44:21.264,1.41142,1.41144
EUR/USD,20090601 00:44:21.272,1.41132,1.41137
EUR/USD,20090601 00:44:21.328,1.41133,1.41137
EUR/USD,20090601 00:44:22.812,1.41132,1.41137
EUR/USD,20090601 00:44:23.460,1.41132,1.41137
EUR/USD,20090601 00:44:23.769,1.41137,1.41137
EUR/USD,20090601 00:44:23.770,1.41139,1.41143
EUR/USD,20090601 00:44:23.772,1.41139,1.41142
EUR/USD,20090601 00:44:24.263,1.41132,1.41142
EUR/USD,20090601 00:44:24.264,1.41134,1.41142
EUR/USD,20090601 00:44:24.275,1.41134,1.41137
EUR/USD,20090601 00:44:26.024,1.41142,1.41144
EUR/USD,20090601 00:44:26.028,1.41134,1.41147
EUR/USD,20090601 00:44:26.030,1.41138,1.41147
EUR/USD,20090601 00:44:26.070,1.4114,1.41147
EUR/USD,20090601 00:44:27.337,1.41142,1.41147
EUR/USD,20090601 00:44:28.559,1.41141,1.41147
EUR/USD,20090601 00:44:28.815,1.41142,1.41147
EUR/USD,20090601 00:44:32.557,1.41143,1.41147
EUR/USD,20090601 00:44:32.988,1.41142,1.41147
EUR/USD,20090601 00:44:34.260,1.41149,1.41153
EUR/USD,20090601 00:44:34.522,1.41149,1.41152
EUR/USD,20090601 00:44:35.013,1.41154,1.41158
EUR/USD,20090601 00:44:35.014,1.41152,1.41159
EUR/USD,20090601 00:44:35.031,1.41152,1.41157
EUR/USD,20090601 00:44:39.264,1.41151,1.41157
EUR/USD,20090601 00:44:39.265,1.41151,1.41159
EUR/USD,20090601 00:44:39.283,1.41151,1.41152
EUR/USD,20090601 00:44:39.340,1.41147,1.41152
EUR/USD,20090601 00:44:39.519,1.41147,1.41159
EUR/USD,20090601 00:44:39.523,1.41147,1.41152
EUR/USD,20090601 00:44:40.515,1.41154,1.41158
EUR/USD,20090601 00:44:40.516,1.41152,1.41159
EUR/USD,20090601 00:44:40.540,1.41152,1.41157
EUR/USD,20090601 00:44:40.763,1.41152,1.41157
EUR/USD,20090601 00:44:40.773,1.41152,1.41152
EUR/USD,20090601 00:44:40.826,1.41147,1.41152
EUR/USD,20090601 00:44:40.974,1.41152,1.41152
EUR/USD,20090601 00:44:41.022,1.41147,1.41152
EUR/USD,20090601 00:44:44.578,1.41147,1.41159
EUR/USD,20090601 00:44:46.013,1.41154,1.41158
EUR/USD,20090601 00:44:46.028,1.41154,1.41157
EUR/USD,20090601 00:44:46.029,1.41154,1.41158
EUR/USD,20090601 00:44:46.797,1.41155,1.41158
EUR/USD,20090601 00:44:47.051,1.41154,1.41158
EUR/USD,20090601 00:44:51.264,1.41149,1.41159
EUR/USD,20090601 00:44:51.266,1.41149,1.41153
EUR/USD,20090601 00:44:51.275,1.41144,1.41147
EUR/USD,20090601 00:44:53.516,1.41147,1.41147
EUR/USD,20090601 00:44:53.518,1.41149,1.41153
EUR/USD,20090601 00:44:53.550,1.41149,1.41152
EUR/USD,20090601 00:44:54.263,1.41154,1.41158
EUR/USD,20090601 00:44:54.264,1.41152,1.41159
EUR/USD,20090601 00:44:54.514,1.41149,1.41159
EUR/USD,20090601 00:44:54.515,1.41149,1.41158
EUR/USD,20090601 00:44:54.541,1.41149,1.41152
EUR/USD,20090601 00:44:54.764,1.41152,1.41152
EUR/USD,20090601 00:44:54.765,1.41154,1.41158
EUR/USD,20090601 00:44:54.780,1.41154,1.41157
EUR/USD,20090601 00:44:55.015,1.41148,1.41157
EUR/USD,20090601 00:44:55.029,1.41148,1.41159
EUR/USD,20090601 00:44:55.033,1.41147,1.41159
EUR/USD,20090601 00:44:55.058,1.41149,1.41159
EUR/USD,20090601 00:44:55.516,1.41145,1.41158
EUR/USD,20090601 00:44:55.533,1.41145,1.41147
EUR/USD,20090601 00:44:55.644,1.41144,1.41147
EUR/USD,20090601 00:44:57.969,1.41145,1.41147
EUR/USD,20090601 00:44:58.016,1.41149,1.41153
EUR/USD,20090601 00:44:58.017,1.41147,1.41154
EUR/USD,20090601 00:44:58.048,1.41147,1.41152
EUR/USD,20090601 00:44:58.077,1.41147,1.41154
EUR/USD,20090601 00:44:58.095,1.41147,1.41152
EUR/USD,20090601 00:44:58.100,1.41147,1.41154
EUR/USD,20090601 00:44:58.277,1.41147,1.41152
EUR/USD,20090601 00:44:58.284,1.41147,1.41154
EUR/USD,20090601 00:45:00.229,1.41147,1.41152
EUR/USD,20090601 00:45:01.265,1.41144,1.41152
EUR/USD,20090601 00:45:01.266,1.41142,1.41152
EUR/USD,20090601 00:45:01.274,1.41142,1.41147
EUR/USD,20090601 00:45:01.762,1.41141,1.41147
EUR/USD,20090601 00:45:01.775,1.41132,1.41137
EUR/USD,20090601 00:45:01.825,1.41141,1.41154
EUR/USD,20090601 00:45:01.841,1.41133,1.41148
EUR/USD,20090601 00:45:01.938,1.41132,1.41147
EUR/USD,20090601 00:45:01.990,1.41132,1.41149
EUR/USD,20090601 00:45:02.495,1.41133,1.41147
EUR/USD,20090601 00:45:02.849,1.41134,1.41149
EUR/USD,20090601 00:45:02.937,1.41136,1.41151
EUR/USD,20090601 00:45:03.165,1.41134,1.41149
EUR/USD,20090601 00:45:03.172,1.41135,1.4115
EUR/USD,20090601 00:45:03.264,1.41135,1.41149
EUR/USD,20090601 00:45:03.447,1.41134,1.41148
EUR/USD,20090601 00:45:03.676,1.41135,1.41149
EUR/USD,20090601 00:45:03.938,1.41134,1.4115
EUR/USD,20090601 00:45:04.077,1.41135,1.4115
EUR/USD,20090601 00:45:04.339,1.41136,1.4115
EUR/USD,20090601 00:45:04.969,1.41135,1.4115
EUR/USD,20090601 00:45:05.512,1.41137,1.4115
EUR/USD,20090601 00:45:05.526,1.41137,1.41142
EUR/USD,20090601 00:45:06.014,1.41142,1.41142
EUR/USD,20090601 00:45:06.026,1.41142,1.41147
EUR/USD,20090601 00:45:11.760,1.41142,1.41147
EUR/USD,20090601 00:45:11.772,1.41142,1.41142
EUR/USD,20090601 00:45:11.813,1.41139,1.41142
EUR/USD,20090601 00:45:14.015,1.41144,1.41148
EUR/USD,20090601 00:45:14.016,1.41142,1.41149
EUR/USD,20090601 00:45:14.761,1.41149,1.4115
EUR/USD,20090601 00:45:14.773,1.41149,1.41158
EUR/USD,20090601 00:45:16.016,1.41146,1.41159
EUR/USD,20090601 00:45:16.028,1.41146,1.41147
EUR/USD,20090601 00:45:16.068,1.41145,1.41147
EUR/USD,20090601 00:45:19.525,1.41144,1.41147
EUR/USD,20090601 00:45:19.827,1.41145,1.41147
EUR/USD,20090601 00:45:20.953,1.41144,1.41147
EUR/USD,20090601 00:45:22.447,1.41145,1.41147
EUR/USD,20090601 00:45:23.569,1.41144,1.41147
EUR/USD,20090601 00:45:23.761,1.4115,1.41153
EUR/USD,20090601 00:45:23.762,1.41147,1.41158
EUR/USD,20090601 00:45:23.770,1.41147,1.4115
EUR/USD,20090601 00:45:23.808,1.41148,1.4115
EUR/USD,20090601 00:45:23.972,1.41149,1.4115
EUR/USD,20090601 00:45:24.014,1.41155,1.41157
EUR/USD,20090601 00:45:24.262,1.41154,1.41157
EUR/USD,20090601 00:45:24.520,1.41154,1.41159
EUR/USD,20090601 00:45:24.523,1.41154,1.41157
EUR/USD,20090601 00:45:24.761,1.41159,1.41163
EUR/USD,20090601 00:45:24.778,1.41159,1.41162
EUR/USD,20090601 00:45:25.260,1.41164,1.41168
EUR/USD,20090601 00:45:25.261,1.41164,1.41173
EUR/USD,20090601 00:45:25.267,1.41164,1.41169
EUR/USD,20090601 00:45:25.513,1.4116,1.41169
EUR/USD,20090601 00:45:25.529,1.41159,1.41169
EUR/USD,20090601 00:45:25.569,1.41157,1.41169
EUR/USD,20090601 00:45:28.453,1.41157,1.41167
EUR/USD,20090601 00:45:28.512,1.41162,1.41167
EUR/USD,20090601 00:45:28.513,1.41164,1.41167
EUR/USD,20090601 00:45:28.625,1.41164,1.41168
EUR/USD,20090601 00:45:28.764,1.4116,1.41169
EUR/USD,20090601 00:45:28.788,1.41157,1.41162
EUR/USD,20090601 00:45:28.797,1.41157,1.41169
EUR/USD,20090601 00:45:28.817,1.41157,1.41167
EUR/USD,20090601 00:45:28.946,1.41157,1.41169
EUR/USD,20090601 00:45:32.026,1.41157,1.41162
EUR/USD,20090601 00:45:33.758,1.41155,1.41162
EUR/USD,20090601 00:45:33.773,1.41155,1.41157
EUR/USD,20090601 00:45:33.833,1.41154,1.41157
EUR/USD,20090601 00:45:34.013,1.41157,1.41157
EUR/USD,20090601 00:45:34.033,1.41157,1.41169
EUR/USD,20090601 00:45:34.036,1.41157,1.41162
EUR/USD,20090601 00:45:36.914,1.41157,1.41169
EUR/USD,20090601 00:45:37.410,1.41157,1.41162
EUR/USD,20090601 00:45:39.258,1.41152,1.41162
EUR/USD,20090601 00:45:39.259,1.41154,1.41162
EUR/USD,20090601 00:45:39.275,1.41154,1.41157
EUR/USD,20090601 00:45:39.515,1.41157,1.41157
EUR/USD,20090601 00:45:39.521,1.41157,1.41164
EUR/USD,20090601 00:45:39.557,1.41157,1.41162
EUR/USD,20090601 00:45:39.774,1.41157,1.41164
EUR/USD,20090601 00:45:39.777,1.41157,1.41162
EUR/USD,20090601 00:45:40.019,1.41154,1.41162
EUR/USD,20090601 00:45:40.020,1.41152,1.41162
EUR/USD,20090601 00:45:40.040,1.41152,1.41159
EUR/USD,20090601 00:45:40.044,1.41152,1.41157
EUR/USD,20090601 00:45:47.262,1.4115,1.41157
EUR/USD,20090601 00:45:47.283,1.4115,1.41157
EUR/USD,20090601 00:45:47.287,1.4115,1.41152
EUR/USD,20090601 00:45:47.339,1.41148,1.41152
EUR/USD,20090601 00:45:47.514,1.41144,1.41152
EUR/USD,20090601 00:45:47.526,1.41144,1.41147
EUR/USD,20090601 00:45:47.574,1.41143,1.41147
EUR/USD,20090601 00:45:47.636,1.41143,1.41147
EUR/USD,20090601 00:45:47.780,1.41143,1.4115
EUR/USD,20090601 00:46:04.762,1.41135,1.4115
EUR/USD,20090601 00:46:04.770,1.41135,1.41138
EUR/USD,20090601 00:46:04.860,1.41133,1.41138
EUR/USD,20090601 00:46:04.938,1.41132,1.41138
EUR/USD,20090601 00:46:06.308,1.4113,1.41138
EUR/USD,20090601 00:46:07.307,1.41131,1.41138
EUR/USD,20090601 00:46:07.466,1.41129,1.41138
EUR/USD,20090601 00:46:07.516,1.41129,1.41136
EUR/USD,20090601 00:46:07.559,1.41129,1.41133
EUR/USD,20090601 00:46:07.583,1.41127,1.41133
EUR/USD,20090601 00:46:07.620,1.41126,1.41133
EUR/USD,20090601 00:46:07.701,1.41125,1.41133
EUR/USD,20090601 00:46:07.921,1.41126,1.41133
EUR/USD,20090601 00:46:08.069,1.41125,1.41133
EUR/USD,20090601 00:46:08.514,1.41125,1.41131
EUR/USD,20090601 00:46:08.518,1.41125,1.41128
EUR/USD,20090601 00:46:08.574,1.41123,1.41128
EUR/USD,20090601 00:46:08.933,1.41124,1.41128
EUR/USD,20090601 00:46:09.449,1.41123,1.41128
EUR/USD,20090601 00:46:10.297,1.41122,1.41128
EUR/USD,20090601 00:46:10.438,1.4112,1.41128
EUR/USD,20090601 00:46:10.761,1.4112,1.41127
EUR/USD,20090601 00:46:10.762,1.4112,1.41124
EUR/USD,20090601 00:46:10.821,1.41114,1.41124
EUR/USD,20090601 00:46:11.504,1.41115,1.41124
EUR/USD,20090601 00:46:12.761,1.41123,1.41127
EUR/USD,20090601 00:46:22.016,1.41121,1.41132
EUR/USD,20090601 00:46:22.020,1.41122,1.41132
EUR/USD,20090601 00:46:22.514,1.41122,1.41131
EUR/USD,20090601 00:46:22.524,1.41122,1.41128
EUR/USD,20090601 00:46:22.532,1.41119,1.41128
EUR/USD,20090601 00:46:22.566,1.41117,1.41128
EUR/USD,20090601 00:46:22.960,1.41117,1.41123
EUR/USD,20090601 00:46:23.020,1.41112,1.41123
EUR/USD,20090601 00:46:23.021,1.41114,1.41123
EUR/USD,20090601 00:46:23.091,1.41114,1.41118
EUR/USD,20090601 00:46:23.521,1.41111,1.41118
EUR/USD,20090601 00:46:23.976,1.4111,1.41118
EUR/USD,20090601 00:46:23.994,1.41109,1.41118
EUR/USD,20090601 00:46:24.160,1.4111,1.41118
EUR/USD,20090601 00:46:24.367,1.41109,1.41118
EUR/USD,20090601 00:46:24.456,1.4111,1.41118
EUR/USD,20090601 00:46:24.550,1.41109,1.41118
EUR/USD,20090601 00:46:25.105,1.4111,1.41118
EUR/USD,20090601 00:46:25.486,1.41109,1.41118
EUR/USD,20090601 00:46:25.812,1.4111,1.41118
EUR/USD,20090601 00:46:27.740,1.41109,1.41118
EUR/USD,20090601 00:46:27.767,1.41108,1.41118
EUR/USD,20090601 00:46:27.855,1.41104,1.41118
EUR/USD,20090601 00:46:28.249,1.41105,1.41118
EUR/USD,20090601 00:46:28.510,1.41107,1.41114
EUR/USD,20090601 00:46:28.523,1.41109,1.41114
EUR/USD,20090601 00:46:28.553,1.4111,1.41114
EUR/USD,20090601 00:46:28.986,1.41112,1.41114
EUR/USD,20090601 00:46:29.316,1.41111,1.41114
EUR/USD,20090601 00:46:29.514,1.41111,1.41116
EUR/USD,20090601 00:46:29.531,1.41111,1.41113
EUR/USD,20090601 00:46:29.568,1.41107,1.41113
EUR/USD,20090601 00:46:29.787,1.41107,1.41116
EUR/USD,20090601 00:46:29.788,1.41109,1.41116
EUR/USD,20090601 00:46:30.266,1.41109,1.41118
EUR/USD,20090601 00:46:30.267,1.41109,1.41116
EUR/USD,20090601 00:46:30.289,1.41109,1.41116
EUR/USD,20090601 00:46:30.290,1.41109,1.41113
EUR/USD,20090601 00:46:30.366,1.41105,1.41113
EUR/USD,20090601 00:46:32.012,1.41103,1.41113
EUR/USD,20090601 00:46:33.318,1.41104,1.41113
EUR/USD,20090601 00:46:33.496,1.41105,1.41113
EUR/USD,20090601 00:46:33.819,1.41104,1.41113
EUR/USD,20090601 00:46:37.236,1.41104,1.41113
EUR/USD,20090601 00:46:37.787,1.41104,1.41113
EUR/USD,20090601 00:46:38.014,1.41106,1.41116
EUR/USD,20090601 00:46:38.017,1.41107,1.41114
EUR/USD,20090601 00:46:38.030,1.41111,1.41114
EUR/USD,20090601 00:46:45.016,1.41111,1.41116
EUR/USD,20090601 00:46:45.052,1.41109,1.41116
EUR/USD,20090601 00:46:45.071,1.41104,1.41116
EUR/USD,20090601 00:46:45.439,1.41105,1.41116
EUR/USD,20090601 00:46:45.495,1.41104,1.41116
EUR/USD,20090601 00:46:45.564,1.41105,1.41116
EUR/USD,20090601 00:46:45.601,1.41104,1.41116
EUR/USD,20090601 00:46:53.263,1.41102,1.41114
EUR/USD,20090601 00:46:53.298,1.41102,1.4111
EUR/USD,20090601 00:46:53.309,1.41101,1.4111
EUR/USD,20090601 00:46:53.434,1.41102,1.4111
EUR/USD,20090601 00:46:53.844,1.41101,1.4111
EUR/USD,20090601 00:46:54.072,1.41103,1.4111
EUR/USD,20090601 00:46:57.761,1.41103,1.41106
EUR/USD,20090601 00:46:57.762,1.41103,1.4111
EUR/USD,20090601 00:46:57.781,1.41103,1.41113
EUR/USD,20090601 00:46:58.955,1.41102,1.41113
EUR/USD,20090601 00:47:00.464,1.41107,1.41113
EUR/USD,20090601 00:47:00.517,1.41107,1.41111
EUR/USD,20090601 00:47:00.518,1.41107,1.41116
EUR/USD,20090601 00:47:00.521,1.41107,1.41113
EUR/USD,20090601 00:47:00.544,1.41111,1.41113
EUR/USD,20090601 00:47:02.020,1.41111,1.41116
EUR/USD,20090601 00:47:02.022,1.41111,1.41113
EUR/USD,20090601 00:47:02.043,1.41103,1.41113
EUR/USD,20090601 00:47:02.331,1.41101,1.41113
EUR/USD,20090601 00:47:03.512,1.41107,1.41111
EUR/USD,20090601 00:47:03.513,1.41107,1.41116
EUR/USD,20090601 00:47:03.527,1.41111,1.41116
EUR/USD,20090601 00:47:03.764,1.41097,1.41106
EUR/USD,20090601 00:47:03.769,1.41096,1.41118
EUR/USD,20090601 00:47:03.790,1.41101,1.4111
EUR/USD,20090601 00:47:03.935,1.41103,1.4111
EUR/USD,20090601 00:47:04.072,1.41102,1.4111
EUR/USD,20090601 00:47:04.758,1.41102,1.41106
EUR/USD,20090601 00:47:04.759,1.41102,1.4111
EUR/USD,20090601 00:47:04.768,1.41102,1.41113
EUR/USD,20090601 00:47:05.052,1.41101,1.41113
EUR/USD,20090601 00:47:05.261,1.41107,1.41111
EUR/USD,20090601 00:47:05.290,1.41111,1.41111
EUR/USD,20090601 00:47:06.015,1.41111,1.41116
EUR/USD,20090601 00:47:06.016,1.41111,1.41113
EUR/USD,20090601 00:47:06.029,1.41101,1.41113
EUR/USD,20090601 00:47:08.265,1.41101,1.41111
EUR/USD,20090601 00:47:08.276,1.41101,1.4111
EUR/USD,20090601 00:47:09.263,1.41101,1.41108
EUR/USD,20090601 00:47:09.275,1.41099,1.41108
EUR/USD,20090601 00:47:09.314,1.41092,1.41105
EUR/USD,20090601 00:47:09.580,1.41091,1.41104
EUR/USD,20090601 00:47:09.763,1.41091,1.41096
EUR/USD,20090601 00:47:09.770,1.4109,1.41096
EUR/USD,20090601 00:47:09.816,1.41087,1.41096
EUR/USD,20090601 00:47:10.269,1.41083,1.41098
EUR/USD,20090601 00:47:10.970,1.41084,1.41098
EUR/USD,20090601 00:47:11.335,1.41086,1.41098
EUR/USD,20090601 00:47:11.515,1.41086,1.41095
EUR/USD,20090601 00:47:11.516,1.41087,1.41094
EUR/USD,20090601 00:47:12.514,1.41089,1.41098
EUR/USD,20090601 00:47:12.517,1.41091,1.41096
EUR/USD,20090601 00:47:12.644,1.41091,1.411
EUR/USD,20090601 00:47:13.919,1.41091,1.41098
EUR/USD,20090601 00:47:14.019,1.41089,1.41098
EUR/USD,20090601 00:47:14.040,1.41084,1.41088
EUR/USD,20090601 00:47:15.019,1.41079,1.41088
EUR/USD,20090601 00:47:15.035,1.41079,1.41083
EUR/USD,20090601 00:47:15.260,1.41084,1.41088
EUR/USD,20090601 00:47:16.015,1.41089,1.41093
EUR/USD,20090601 00:47:16.037,1.41089,1.4109
EUR/USD,20090601 00:47:17.034,1.41089,1.41093
EUR/USD,20090601 00:47:17.266,1.41076,1.41093
EUR/USD,20090601 00:47:17.309,1.41076,1.41078
EUR/USD,20090601 00:47:17.337,1.41072,1.41078
EUR/USD,20090601 00:47:17.518,1.41074,1.41078
EUR/USD,20090601 00:47:17.551,1.41074,1.4109
EUR/USD,20090601 00:47:17.764,1.41087,1.4109
EUR/USD,20090601 00:47:18.513,1.41097,1.41099
EUR/USD,20090601 00:47:18.514,1.41098,1.41105
EUR/USD,20090601 00:47:18.533,1.41098,1.411
EUR/USD,20090601 00:47:18.761,1.41094,1.411
EUR/USD,20090601 00:47:21.528,1.41081,1.411
EUR/USD,20090601 00:47:21.546,1.41074,1.41078
EUR/USD,20090601 00:47:21.598,1.41074,1.41078
EUR/USD,20090601 00:47:21.767,1.41082,1.41084
EUR/USD,20090601 00:47:21.837,1.41082,1.41084
EUR/USD,20090601 00:47:22.018,1.41089,1.4109
EUR/USD,20090601 00:47:22.265,1.41077,1.4109
EUR/USD,20090601 00:47:22.266,1.41077,1.41089
EUR/USD,20090601 00:47:22.298,1.41077,1.41083
EUR/USD,20090601 00:47:22.761,1.41087,1.41088
EUR/USD,20090601 00:47:22.763,1.41085,1.41089
EUR/USD,20090601 00:47:23.017,1.41087,1.41093
EUR/USD,20090601 00:47:23.054,1.41087,1.41088
EUR/USD,20090601 00:47:23.264,1.41082,1.41088
EUR/USD,20090601 00:47:23.515,1.41087,1.41088
EUR/USD,20090601 00:47:23.536,1.41087,1.41092
EUR/USD,20090601 00:47:23.570,1.41087,1.41093
EUR/USD,20090601 00:47:27.021,1.41092,1.41093
EUR/USD,20090601 00:47:27.022,1.41092,1.41098
EUR/USD,20090601 00:47:27.768,1.41089,1.41098
EUR/USD,20090601 00:47:27.778,1.41088,1.41098
EUR/USD,20090601 00:47:27.782,1.41088,1.41093
EUR/USD,20090601 00:47:28.266,1.41093,1.41093
EUR/USD,20090601 00:47:28.267,1.41092,1.41093
EUR/USD,20090601 00:47:28.285,1.41092,1.41098
EUR/USD,20090601 00:47:28.517,1.41089,1.41098
EUR/USD,20090601 00:47:28.537,1.41087,1.41098
EUR/USD,20090601 00:47:28.538,1.41087,1.41093
EUR/USD,20090601 00:47:28.763,1.41093,1.41093
EUR/USD,20090601 00:47:28.771,1.41093,1.41098
EUR/USD,20090601 00:47:29.017,1.41089,1.41098
EUR/USD,20090601 00:47:29.031,1.41087,1.41093
EUR/USD,20090601 00:47:29.118,1.41087,1.41093
EUR/USD,20090601 00:47:30.760,1.41083,1.41093
EUR/USD,20090601 00:47:30.775,1.41083,1.41088
EUR/USD,20090601 00:47:31.016,1.41079,1.41088
EUR/USD,20090601 00:47:31.033,1.41078,1.41088
EUR/USD,20090601 00:47:31.265,1.41082,1.41088
EUR/USD,20090601 00:47:31.266,1.41083,1.41087
EUR/USD,20090601 00:47:31.513,1.41079,1.41088
EUR/USD,20090601 00:47:31.524,1.41079,1.41083
EUR/USD,20090601 00:47:31.573,1.41078,1.41083
EUR/USD,20090601 00:47:32.513,1.41073,1.41083
EUR/USD,20090601 00:47:35.020,1.41082,1.41083
EUR/USD,20090601 00:47:35.021,1.41073,1.41083
EUR/USD,20090601 00:47:35.027,1.41083,1.41083
EUR/USD,20090601 00:47:35.058,1.41083,1.41088
EUR/USD,20090601 00:47:38.511,1.41079,1.41088
EUR/USD,20090601 00:47:38.512,1.4108,1.41088
EUR/USD,20090601 00:47:40.261,1.41081,1.41088
EUR/USD,20090601 00:47:41.515,1.41086,1.41088
EUR/USD,20090601 00:47:41.516,1.41088,1.41088
EUR/USD,20090601 00:47:41.528,1.41088,1.41092
EUR/USD,20090601 00:47:41.620,1.41088,1.41092
EUR/USD,20090601 00:47:45.760,1.41085,1.41093
EUR/USD,20090601 00:47:45.761,1.41084,1.41093
EUR/USD,20090601 00:47:46.262,1.41086,1.41093
EUR/USD,20090601 00:47:46.265,1.41088,1.41093
EUR/USD,20090601 00:47:49.266,1.41082,1.41093
EUR/USD,20090601 00:47:49.267,1.41082,1.41087
EUR/USD,20090601 00:47:49.361,1.41078,1.41087
EUR/USD,20090601 00:47:49.521,1.41072,1.41089
EUR/USD,20090601 00:47:49.548,1.41072,1.41078
EUR/USD,20090601 00:47:49.552,1.41073,1.41078
EUR/USD,20090601 00:47:50.021,1.4107,1.41078
EUR/USD,20090601 00:47:50.062,1.4107,1.41079
EUR/USD,20090601 00:47:50.147,1.41068,1.41079
EUR/USD,20090601 00:47:50.517,1.41063,1.41079
EUR/USD,20090601 00:47:50.542,1.41063,1.41069
EUR/USD,20090601 00:47:50.575,1.41062,1.41069
EUR/USD,20090601 00:47:50.763,1.41067,1.41069
EUR/USD,20090601 00:47:50.766,1.41068,1.41069
EUR/USD,20090601 00:47:50.825,1.41068,1.41073
EUR/USD,20090601 00:47:51.067,1.41068,1.41077
EUR/USD,20090601 00:47:51.281,1.41068,1.41073
EUR/USD,20090601 00:47:51.516,1.41064,1.41073
EUR/USD,20090601 00:47:51.541,1.41064,1.4107
EUR/USD,20090601 00:47:51.764,1.41067,1.4107
EUR/USD,20090601 00:47:52.267,1.41062,1.4107
EUR/USD,20090601 00:47:52.269,1.41064,1.4107
EUR/USD,20090601 00:47:52.516,1.41067,1.4107
EUR/USD,20090601 00:47:52.518,1.41069,1.4107
EUR/USD,20090601 00:47:54.512,1.41074,1.41078
EUR/USD,20090601 00:47:54.513,1.41072,1.41079
EUR/USD,20090601 00:47:54.514,1.41072,1.41084
EUR/USD,20090601 00:47:54.535,1.41072,1.41078
EUR/USD,20090601 00:48:00.024,1.41079,1.41083
EUR/USD,20090601 00:48:00.026,1.41077,1.41084
EUR/USD,20090601 00:48:00.027,1.41077,1.41085
EUR/USD,20090601 00:48:00.045,1.41077,1.41083
EUR/USD,20090601 00:48:00.265,1.41072,1.41083
EUR/USD,20090601 00:48:00.267,1.41074,1.41083
EUR/USD,20090601 00:48:00.281,1.41074,1.41078
EUR/USD,20090601 00:48:00.519,1.41077,1.41078
EUR/USD,20090601 00:48:00.521,1.41079,1.4108
EUR/USD,20090601 00:48:00.577,1.41079,1.41083
EUR/USD,20090601 00:48:00.765,1.41074,1.41083
EUR/USD,20090601 00:48:00.766,1.41072,1.41083
EUR/USD,20090601 00:48:00.783,1.41072,1.4108
EUR/USD,20090601 00:48:01.265,1.41079,1.4108
EUR/USD,20090601 00:48:01.267,1.41077,1.4108
EUR/USD,20090601 00:48:01.287,1.41077,1.41083
EUR/USD,20090601 00:48:01.514,1.41074,1.41083
EUR/USD,20090601 00:48:01.516,1.41072,1.41083
EUR/USD,20090601 00:48:01.531,1.41072,1.4108
EUR/USD,20090601 00:48:02.514,1.41077,1.4108
EUR/USD,20090601 00:48:02.524,1.41077,1.41083
EUR/USD,20090601 00:48:03.764,1.41067,1.41083
EUR/USD,20090601 00:48:03.766,1.41069,1.41083
EUR/USD,20090601 00:48:03.792,1.41069,1.41073
EUR/USD,20090601 00:48:04.759,1.41064,1.41073
EUR/USD,20090601 00:48:04.772,1.41064,1.41068
EUR/USD,20090601 00:48:05.017,1.41067,1.41068
EUR/USD,20090601 00:48:05.033,1.41067,1.41074
EUR/USD,20090601 00:48:08.266,1.41061,1.41079
EUR/USD,20090601 00:48:09.258,1.41063,1.41072
EUR/USD,20090601 00:48:09.265,1.41063,1.41069
EUR/USD,20090601 00:48:09.764,1.41062,1.41069
EUR/USD,20090601 00:48:09.834,1.41057,1.41069
EUR/USD,20090601 00:48:09.960,1.41059,1.41069
EUR/USD,20090601 00:48:10.065,1.41058,1.41069
EUR/USD,20090601 00:48:10.265,1.41058,1.41068
EUR/USD,20090601 00:48:10.279,1.41058,1.41059
EUR/USD,20090601 00:48:10.345,1.41054,1.41059
EUR/USD,20090601 00:48:10.518,1.41062,1.41063
EUR/USD,20090601 00:48:10.519,1.4106,1.41064
EUR/USD,20090601 00:48:11.017,1.41055,1.41069
EUR/USD,20090601 00:48:11.018,1.41055,1.41063
EUR/USD,20090601 00:48:11.030,1.41055,1.41059
EUR/USD,20090601 00:48:11.085,1.41054,1.41059
EUR/USD,20090601 00:48:11.515,1.41059,1.41059
EUR/USD,20090601 00:48:11.520,1.41061,1.41063
EUR/USD,20090601 00:48:12.261,1.41059,1.41063
EUR/USD,20090601 00:48:12.265,1.41057,1.41063
EUR/USD,20090601 00:48:12.269,1.41057,1.41069
EUR/USD,20090601 00:48:12.563,1.41057,1.41068
EUR/USD,20090601 00:48:13.032,1.41057,1.41063
EUR/USD,20090601 00:48:14.264,1.41054,1.41063
EUR/USD,20090601 00:48:14.266,1.41054,1.41063
EUR/USD,20090601 00:48:14.278,1.41054,1.41058
EUR/USD,20090601 00:48:14.348,1.41053,1.41058
EUR/USD,20090601 00:48:14.543,1.41052,1.41058
EUR/USD,20090601 00:48:15.003,1.41052,1.41057
EUR/USD,20090601 00:48:15.017,1.41049,1.41057
EUR/USD,20090601 00:48:15.024,1.41049,1.41054
EUR/USD,20090601 00:48:15.047,1.41043,1.41048
EUR/USD,20090601 00:48:15.127,1.41044,1.41048
EUR/USD,20090601 00:48:15.415,1.41043,1.41048
EUR/USD,20090601 00:48:15.965,1.41042,1.41048
EUR/USD,20090601 00:48:16.462,1.41042,1.41048
EUR/USD,20090601 00:48:16.933,1.41042,1.41051
EUR/USD,20090601 00:48:17.472,1.41044,1.41051
EUR/USD,20090601 00:48:17.516,1.41043,1.41051
EUR/USD,20090601 00:48:17.947,1.41042,1.41051
EUR/USD,20090601 00:48:18.016,1.41049,1.41051
EUR/USD,20090601 00:48:18.032,1.41049,1.41053
EUR/USD,20090601 00:48:18.264,1.41047,1.41059
EUR/USD,20090601 00:48:18.265,1.41047,1.41058
EUR/USD,20090601 00:48:18.278,1.41044,1.41058
EUR/USD,20090601 00:48:18.279,1.41044,1.41051
EUR/USD,20090601 00:48:19.763,1.41042,1.41051
EUR/USD,20090601 00:48:19.764,1.41042,1.41049
EUR/USD,20090601 00:48:19.779,1.41041,1.41049
EUR/USD,20090601 00:48:19.888,1.41037,1.41049
EUR/USD,20090601 00:48:20.025,1.41037,1.41044
EUR/USD,20090601 00:48:20.038,1.41035,1.41041
EUR/USD,20090601 00:48:20.045,1.41037,1.41041
EUR/USD,20090601 00:48:20.046,1.41036,1.41041
EUR/USD,20090601 00:48:20.108,1.41033,1.41041
EUR/USD,20090601 00:48:20.222,1.41032,1.41041
EUR/USD,20090601 00:48:20.266,1.41034,1.41041
EUR/USD,20090601 00:48:20.267,1.41042,1.41044
EUR/USD,20090601 00:48:20.517,1.41042,1.41054
EUR/USD,20090601 00:48:20.520,1.41042,1.41046
EUR/USD,20090601 00:48:20.526,1.41037,1.41046
EUR/USD,20090601 00:48:20.618,1.41037,1.41054
EUR/USD,20090601 00:48:20.700,1.41037,1.41052
EUR/USD,20090601 00:48:20.812,1.41037,1.41051
EUR/USD,20090601 00:48:21.007,1.41037,1.41053
EUR/USD,20090601 00:48:21.048,1.41037,1.41054
EUR/USD,20090601 00:48:21.452,1.41037,1.41053
EUR/USD,20090601 00:48:21.586,1.41037,1.41054
EUR/USD,20090601 00:48:22.516,1.41042,1.41049
EUR/USD,20090601 00:48:22.519,1.41044,1.41048
EUR/USD,20090601 00:48:23.261,1.41047,1.41051
EUR/USD,20090601 00:48:23.279,1.41047,1.41054
EUR/USD,20090601 00:48:23.516,1.41044,1.41058
EUR/USD,20090601 00:48:23.517,1.41042,1.41059
EUR/USD,20090601 00:48:23.529,1.41044,1.41059
EUR/USD,20090601 00:48:23.657,1.41042,1.41054
EUR/USD,20090601 00:48:23.755,1.41042,1.41052
EUR/USD,20090601 00:48:23.763,1.41049,1.41052
EUR/USD,20090601 00:48:23.824,1.41049,1.41053
EUR/USD,20090601 00:48:25.013,1.41044,1.41059
EUR/USD,20090601 00:48:25.079,1.41043,1.41056
EUR/USD,20090601 00:48:27.458,1.41042,1.41054
EUR/USD,20090601 00:48:27.814,1.41042,1.41054
EUR/USD,20090601 00:48:28.583,1.41043,1.41056
EUR/USD,20090601 00:48:29.016,1.41043,1.41053
EUR/USD,20090601 00:48:29.018,1.41043,1.41054
EUR/USD,20090601 00:48:29.030,1.41043,1.41051
EUR/USD,20090601 00:48:29.031,1.41032,1.41041
EUR/USD,20090601 00:48:29.036,1.41043,1.41054
EUR/USD,20090601 00:48:29.038,1.41042,1.41054
EUR/USD,20090601 00:48:29.104,1.41033,1.41048
EUR/USD,20090601 00:48:29.233,1.41032,1.41045
EUR/USD,20090601 00:48:29.441,1.41033,1.41046
EUR/USD,20090601 00:48:29.551,1.41035,1.41049
EUR/USD,20090601 00:48:29.925,1.41034,1.41047
EUR/USD,20090601 00:48:30.985,1.41034,1.41046
EUR/USD,20090601 00:48:31.234,1.41032,1.41045
EUR/USD,20090601 00:48:31.262,1.41042,1.41044
EUR/USD,20090601 00:48:31.263,1.41034,1.41045
EUR/USD,20090601 00:48:31.287,1.41042,1.41045
EUR/USD,20090601 00:48:31.327,1.41042,1.41053
EUR/USD,20090601 00:48:31.515,1.41047,1.41054
EUR/USD,20090601 00:48:31.517,1.41049,1.41053
EUR/USD,20090601 00:48:31.763,1.41047,1.41058
EUR/USD,20090601 00:48:31.764,1.41047,1.41053
EUR/USD,20090601 00:48:31.777,1.41044,1.41053
EUR/USD,20090601 00:48:47.966,1.41044,1.41051
EUR/USD,20090601 00:48:48.263,1.41044,1.41051
EUR/USD,20090601 00:48:48.277,1.41039,1.41051
EUR/USD,20090601 00:48:48.329,1.41039,1.41049
EUR/USD,20090601 00:48:48.439,1.41039,1.41051
EUR/USD,20090601 00:48:48.511,1.41042,1.41049
EUR/USD,20090601 00:48:48.528,1.41044,1.41049
EUR/USD,20090601 00:48:49.263,1.41044,1.4105
EUR/USD,20090601 00:48:49.280,1.41039,1.4105
EUR/USD,20090601 00:48:49.335,1.41039,1.41049
EUR/USD,20090601 00:48:49.434,1.41039,1.41051
EUR/USD,20090601 00:48:52.453,1.41039,1.4105
EUR/USD,20090601 00:48:52.511,1.41044,1.41048
EUR/USD,20090601 00:48:53.759,1.41049,1.41051
EUR/USD,20090601 00:48:53.817,1.41049,1.41053
EUR/USD,20090601 00:48:54.014,1.41049,1.41056
EUR/USD,20090601 00:48:54.021,1.41053,1.41056
EUR/USD,20090601 00:48:54.065,1.41053,1.41058
EUR/USD,20090601 00:48:54.427,1.41053,1.41057
EUR/USD,20090601 00:48:54.938,1.41053,1.41058
EUR/USD,20090601 00:48:56.531,1.41048,1.41058
EUR/USD,20090601 00:48:56.565,1.41048,1.41058
EUR/USD,20090601 00:49:00.515,1.41049,1.41054
EUR/USD,20090601 00:49:00.516,1.41048,1.41055
EUR/USD,20090601 00:49:00.765,1.41049,1.41058
EUR/USD,20090601 00:49:00.771,1.41053,1.41058
EUR/USD,20090601 00:49:04.134,1.41049,1.41058
EUR/USD,20090601 00:49:06.276,1.41054,1.41058
EUR/USD,20090601 00:49:06.529,1.41049,1.41058
EUR/USD,20090601 00:49:06.763,1.41052,1.41059
EUR/USD,20090601 00:49:06.781,1.41054,1.41059
EUR/USD,20090601 00:49:07.014,1.41054,1.41063
EUR/USD,20090601 00:49:07.028,1.41059,1.41063
EUR/USD,20090601 00:49:09.517,1.41059,1.41064
EUR/USD,20090601 00:49:09.521,1.41059,1.41063
EUR/USD,20090601 00:49:11.264,1.41059,1.41067
EUR/USD,20090601 00:49:11.278,1.41054,1.41067
EUR/USD,20090601 00:49:11.537,1.41059,1.41067
EUR/USD,20090601 00:49:12.012,1.41059,1.41063
EUR/USD,20090601 00:49:12.013,1.41059,1.41068
EUR/USD,20090601 00:49:12.019,1.41059,1.41066
EUR/USD,20090601 00:49:12.041,1.41064,1.41066
EUR/USD,20090601 00:49:13.762,1.41064,1.41068
EUR/USD,20090601 00:49:14.262,1.41066,1.41073
EUR/USD,20090601 00:49:14.264,1.41067,1.41071
EUR/USD,20090601 00:49:14.272,1.41074,1.41076
EUR/USD,20090601 00:49:14.340,1.41074,1.41078
EUR/USD,20090601 00:49:14.954,1.41074,1.41079
EUR/USD,20090601 00:49:17.513,1.41074,1.41076
EUR/USD,20090601 00:49:17.514,1.41074,1.41078
EUR/USD,20090601 00:49:17.528,1.41079,1.41079
EUR/USD,20090601 00:49:17.565,1.41079,1.41085
EUR/USD,20090601 00:49:17.790,1.41079,1.41087
EUR/USD,20090601 00:49:18.014,1.41079,1.41082
EUR/USD,20090601 00:49:18.019,1.41079,1.41083
EUR/USD,20090601 00:49:18.041,1.41084,1.41087
EUR/USD,20090601 00:49:18.108,1.41084,1.41089
EUR/USD,20090601 00:49:18.265,1.41084,1.41085
EUR/USD,20090601 00:49:24.262,1.41084,1.41087
EUR/USD,20090601 00:49:24.559,1.41084,1.41088
EUR/USD,20090601 00:49:25.260,1.41084,1.41084
EUR/USD,20090601 00:49:25.261,1.41084,1.41086
EUR/USD,20090601 00:49:26.761,1.41084,1.41087
EUR/USD,20090601 00:49:27.029,1.41079,1.41087
EUR/USD,20090601 00:49:28.510,1.41079,1.41085
EUR/USD,20090601 00:49:28.772,1.41076,1.41085
EUR/USD,20090601 00:49:28.839,1.41076,1.41083
EUR/USD,20090601 00:49:29.013,1.41074,1.41083
EUR/USD,20090601 00:49:29.022,1.41079,1.41083
EUR/USD,20090601 00:49:29.073,1.41079,1.41083
EUR/USD,20090601 00:49:34.765,1.41079,1.41085
EUR/USD,20090601 00:49:34.784,1.41074,1.41085
EUR/USD,20090601 00:49:34.812,1.41074,1.41084
EUR/USD,20090601 00:49:35.035,1.41074,1.41083
EUR/USD,20090601 00:49:35.103,1.41074,1.41082
EUR/USD,20090601 00:49:35.762,1.41074,1.4108
EUR/USD,20090601 00:49:35.763,1.41074,1.41082
EUR/USD,20090601 00:49:35.783,1.41069,1.41082
EUR/USD,20090601 00:49:35.828,1.41069,1.41081
EUR/USD,20090601 00:49:36.011,1.41069,1.41082
EUR/USD,20090601 00:49:36.019,1.41069,1.41078
EUR/USD,20090601 00:49:36.024,1.41069,1.41079
EUR/USD,20090601 00:49:36.025,1.41069,1.41074
EUR/USD,20090601 00:49:36.038,1.41064,1.41074
EUR/USD,20090601 00:49:38.263,1.41065,1.41074
EUR/USD,20090601 00:49:38.275,1.41069,1.41074
EUR/USD,20090601 00:49:39.268,1.41069,1.41077
EUR/USD,20090601 00:49:39.269,1.41069,1.41076
EUR/USD,20090601 00:49:43.512,1.41072,1.41079
EUR/USD,20090601 00:49:43.526,1.41074,1.41079
EUR/USD,20090601 00:49:43.774,1.41079,1.41079
EUR/USD,20090601 00:49:44.018,1.41074,1.41079
EUR/USD,20090601 00:49:48.515,1.41074,1.41082
EUR/USD,20090601 00:49:48.517,1.41074,1.41084
EUR/USD,20090601 00:49:48.839,1.41074,1.41083
EUR/USD,20090601 00:49:49.014,1.41074,1.41081
EUR/USD,20090601 00:49:49.029,1.41064,1.41081
EUR/USD,20090601 00:49:49.082,1.41064,1.41072
EUR/USD,20090601 00:49:49.346,1.41064,1.41075
EUR/USD,20090601 00:49:49.434,1.41064,1.41074
EUR/USD,20090601 00:49:49.766,1.41064,1.41073
EUR/USD,20090601 00:49:51.558,1.41064,1.4107
EUR/USD,20090601 00:49:51.970,1.41064,1.41072
EUR/USD,20090601 00:49:52.435,1.41064,1.41073
EUR/USD,20090601 00:49:53.538,1.41064,1.41072
EUR/USD,20090601 00:49:53.839,1.41064,1.41075
EUR/USD,20090601 00:49:56.464,1.41064,1.41073
EUR/USD,20090601 00:49:56.573,1.41064,1.41075
EUR/USD,20090601 00:49:56.822,1.41064,1.41072
EUR/USD,20090601 00:49:57.049,1.41064,1.41073
EUR/USD,20090601 00:49:57.107,1.41064,1.4107
EUR/USD,20090601 00:49:57.265,1.41064,1.41069
EUR/USD,20090601 00:50:03.020,1.41064,1.41073
EUR/USD,20090601 00:50:03.021,1.41064,1.41069
EUR/USD,20090601 00:50:03.024,1.41064,1.41073
EUR/USD,20090601 00:50:03.025,1.41064,1.41068
EUR/USD,20090601 00:50:03.027,1.41059,1.41068
EUR/USD,20090601 00:50:08.013,1.41059,1.41064
EUR/USD,20090601 00:50:08.030,1.41054,1.41064
EUR/USD,20090601 00:50:10.121,1.41052,1.41064
EUR/USD,20090601 00:50:11.508,1.41054,1.41063
EUR/USD,20090601 00:50:12.090,1.41054,1.41061
EUR/USD,20090601 00:50:12.541,1.41054,1.41063
EUR/USD,20090601 00:50:12.983,1.41054,1.41063
EUR/USD,20090601 00:50:13.075,1.41054,1.41062
EUR/USD,20090601 00:50:13.435,1.41054,1.41063
EUR/USD,20090601 00:50:13.562,1.41054,1.41063
EUR/USD,20090601 00:50:14.444,1.41054,1.41062
EUR/USD,20090601 00:50:14.928,1.41054,1.41061
EUR/USD,20090601 00:50:16.799,1.41054,1.4106
EUR/USD,20090601 00:50:17.438,1.41054,1.41061
EUR/USD,20090601 00:50:17.932,1.41054,1.4106
EUR/USD,20090601 00:50:19.261,1.41051,1.4106
EUR/USD,20090601 00:50:19.278,1.41047,1.4106
EUR/USD,20090601 00:50:19.279,1.41047,1.41053
EUR/USD,20090601 00:50:19.334,1.41044,1.41052
EUR/USD,20090601 00:50:19.548,1.4104,1.41052
EUR/USD,20090601 00:50:19.549,1.4104,1.41043
EUR/USD,20090601 00:50:19.592,1.41038,1.41043
EUR/USD,20090601 00:50:19.704,1.41034,1.41043
EUR/USD,20090601 00:50:19.950,1.41034,1.41042
EUR/USD,20090601 00:50:20.068,1.4103,1.41042
EUR/USD,20090601 00:50:20.072,1.41031,1.41044
EUR/USD,20090601 00:50:20.139,1.41029,1.41043
EUR/USD,20090601 00:50:20.247,1.41029,1.41044
EUR/USD,20090601 00:50:20.268,1.41029,1.41038
EUR/USD,20090601 00:50:20.270,1.41029,1.41039
EUR/USD,20090601 00:50:20.283,1.41025,1.41033
EUR/USD,20090601 00:50:20.305,1.41027,1.41033
EUR/USD,20090601 00:50:20.376,1.41026,1.41033
EUR/USD,20090601 00:50:20.506,1.41027,1.41033
EUR/USD,20090601 00:50:20.519,1.41029,1.41033
EUR/USD,20090601 00:50:20.520,1.41028,1.41033
EUR/USD,20090601 00:50:20.557,1.41029,1.4104
EUR/USD,20090601 00:50:20.661,1.41029,1.41037
EUR/USD,20090601 00:50:20.772,1.41034,1.41037
EUR/USD,20090601 00:50:20.781,1.41034,1.41036
EUR/USD,20090601 00:50:20.838,1.41034,1.41043
EUR/USD,20090601 00:50:21.016,1.41034,1.41043
EUR/USD,20090601 00:50:21.024,1.41034,1.41045
EUR/USD,20090601 00:50:21.041,1.41029,1.41045
EUR/USD,20090601 00:50:21.265,1.41029,1.41039
EUR/USD,20090601 00:50:21.278,1.41024,1.41039
EUR/USD,20090601 00:50:21.381,1.41024,1.41038
EUR/USD,20090601 00:50:21.562,1.41024,1.41037
EUR/USD,20090601 00:50:21.969,1.41028,1.41039
EUR/USD,20090601 00:50:22.015,1.41032,1.41034
EUR/USD,20090601 00:50:22.047,1.41034,1.41034
EUR/USD,20090601 00:50:22.262,1.41034,1.41042
EUR/USD,20090601 00:50:22.263,1.41034,1.41038
EUR/USD,20090601 00:50:22.286,1.41029,1.41038
EUR/USD,20090601 00:50:22.516,1.41034,1.41038
EUR/USD,20090601 00:50:22.517,1.41032,1.41039
EUR/USD,20090601 00:50:22.525,1.41034,1.41039
EUR/USD,20090601 00:50:22.685,1.41033,1.41039
EUR/USD,20090601 00:50:24.761,1.41038,1.41044
EUR/USD,20090601 00:50:24.762,1.41039,1.41047
EUR/USD,20090601 00:50:24.820,1.41039,1.41048
EUR/USD,20090601 00:50:24.925,1.41039,1.41046
EUR/USD,20090601 00:50:24.966,1.41039,1.41047
EUR/USD,20090601 00:50:25.028,1.41039,1.41045
EUR/USD,20090601 00:50:25.426,1.41039,1.41046
EUR/USD,20090601 00:50:29.013,1.41038,1.41046
EUR/USD,20090601 00:50:29.014,1.41038,1.41043
EUR/USD,20090601 00:50:29.027,1.41034,1.41043
EUR/USD,20090601 00:50:29.069,1.41034,1.41041
EUR/USD,20090601 00:50:29.439,1.41034,1.41042
EUR/USD,20090601 00:50:29.948,1.41034,1.41041
EUR/USD,20090601 00:50:30.300,1.41034,1.41042
EUR/USD,20090601 00:50:32.979,1.41034,1.41043
EUR/USD,20090601 00:50:34.280,1.41034,1.41042
EUR/USD,20090601 00:50:36.761,1.41039,1.41042
EUR/USD,20090601 00:50:36.763,1.41038,1.41042
EUR/USD,20090601 00:50:36.764,1.41038,1.41044
EUR/USD,20090601 00:50:36.805,1.41038,1.41045
EUR/USD,20090601 00:50:37.761,1.41044,1.41048
EUR/USD,20090601 00:50:37.762,1.41043,1.4105
EUR/USD,20090601 00:50:38.016,1.41042,1.41051
EUR/USD,20090601 00:50:38.038,1.41042,1.41051
EUR/USD,20090601 00:50:38.039,1.41039,1.41051
EUR/USD,20090601 00:50:38.437,1.41039,1.4105
EUR/USD,20090601 00:50:39.047,1.41039,1.41052
EUR/USD,20090601 00:50:39.261,1.41042,1.41049
EUR/USD,20090601 00:50:41.262,1.41044,1.41051
EUR/USD,20090601 00:50:41.263,1.41052,1.41052
EUR/USD,20090601 00:50:41.315,1.41052,1.41054
EUR/USD,20090601 00:50:41.516,1.41052,1.4106
EUR/USD,20090601 00:50:41.526,1.41049,1.4106
EUR/USD,20090601 00:50:41.600,1.41049,1.41059
EUR/USD,20090601 00:50:41.759,1.41054,1.41058
EUR/USD,20090601 00:50:42.015,1.41052,1.4106
EUR/USD,20090601 00:50:42.028,1.41049,1.4106
EUR/USD,20090601 00:50:42.066,1.41049,1.41059
EUR/USD,20090601 00:50:42.512,1.41054,1.41058
EUR/USD,20090601 00:50:42.513,1.41052,1.41059
EUR/USD,20090601 00:50:42.514,1.41052,1.41059
EUR/USD,20090601 00:50:42.568,1.41052,1.4106
EUR/USD,20090601 00:50:43.762,1.41054,1.4106
EUR/USD,20090601 00:50:43.780,1.41068,1.41078
EUR/USD,20090601 00:50:43.870,1.41068,1.41074
EUR/USD,20090601 00:50:44.317,1.41068,1.41075
EUR/USD,20090601 00:50:44.489,1.41068,1.41077
EUR/USD,20090601 00:50:44.570,1.41068,1.41076
EUR/USD,20090601 00:50:44.624,1.41068,1.41078
EUR/USD,20090601 00:50:44.815,1.41068,1.41078
EUR/USD,20090601 00:50:45.017,1.41072,1.41079
EUR/USD,20090601 00:50:45.018,1.41074,1.41078
EUR/USD,20090601 00:50:46.762,1.41073,1.41081
EUR/USD,20090601 00:50:46.764,1.41073,1.41079
EUR/USD,20090601 00:50:46.777,1.41068,1.41079
EUR/USD,20090601 00:50:46.827,1.41068,1.41077
EUR/USD,20090601 00:50:47.077,1.41068,1.41079
EUR/USD,20090601 00:50:47.433,1.41068,1.41078
EUR/USD,20090601 00:50:48.075,1.41068,1.41076
EUR/USD,20090601 00:50:48.265,1.41072,1.41076
EUR/USD,20090601 00:50:48.267,1.41074,1.41076
EUR/USD,20090601 00:50:48.344,1.41074,1.41078
EUR/USD,20090601 00:50:49.759,1.41079,1.41079
EUR/USD,20090601 00:50:49.760,1.41077,1.41079
EUR/USD,20090601 00:50:49.807,1.41077,1.41085
EUR/USD,20090601 00:50:49.938,1.41077,1.41083
EUR/USD,20090601 00:50:51.013,1.41073,1.41083
EUR/USD,20090601 00:50:51.015,1.41074,1.41083
EUR/USD,20090601 00:50:51.019,1.41074,1.41082
EUR/USD,20090601 00:50:51.042,1.41074,1.41079
EUR/USD,20090601 00:50:51.934,1.41074,1.41078
EUR/USD,20090601 00:50:52.760,1.41073,1.41078
EUR/USD,20090601 00:50:52.784,1.41068,1.41078
EUR/USD,20090601 00:50:54.526,1.41063,1.41078
EUR/USD,20090601 00:50:54.527,1.41063,1.41072
EUR/USD,20090601 00:50:54.571,1.41063,1.4107
EUR/USD,20090601 00:50:55.070,1.41063,1.41071
EUR/USD,20090601 00:50:55.963,1.41063,1.41072
EUR/USD,20090601 00:50:56.470,1.41063,1.41069
EUR/USD,20090601 00:50:56.955,1.41063,1.41068
EUR/USD,20090601 00:50:57.033,1.41061,1.41068
EUR/USD,20090601 00:50:57.061,1.41061,1.41069
EUR/USD,20090601 00:50:57.259,1.41058,1.41069
EUR/USD,20090601 00:50:57.269,1.41053,1.41062
EUR/USD,20090601 00:50:59.266,1.41054,1.41062
EUR/USD,20090601 00:50:59.268,1.41061,1.41062
EUR/USD,20090601 00:50:59.309,1.41063,1.41064
EUR/USD,20090601 00:50:59.343,1.41063,1.41064
EUR/USD,20090601 00:51:00.258,1.41063,1.41068
EUR/USD,20090601 00:51:00.316,1.41063,1.41069
EUR/USD,20090601 00:51:00.575,1.41063,1.41071
EUR/USD,20090601 00:51:00.764,1.41063,1.41069
EUR/USD,20090601 00:51:00.765,1.41063,1.41071
EUR/USD,20090601 00:51:00.767,1.41064,1.41068
EUR/USD,20090601 00:51:02.512,1.41063,1.41072
EUR/USD,20090601 00:51:02.516,1.41059,1.41072
EUR/USD,20090601 00:51:02.761,1.41062,1.41069
EUR/USD,20090601 00:51:02.762,1.41064,1.41068
EUR/USD,20090601 00:51:03.017,1.41063,1.41071
EUR/USD,20090601 00:51:03.023,1.41059,1.41071
EUR/USD,20090601 00:51:03.062,1.41059,1.41071
EUR/USD,20090601 00:51:04.928,1.41059,1.4107
EUR/USD,20090601 00:51:05.001,1.41059,1.41071
EUR/USD,20090601 00:51:05.015,1.41059,1.41068
EUR/USD,20090601 00:51:05.022,1.41063,1.41068
EUR/USD,20090601 00:51:08.760,1.41063,1.41069
EUR/USD,20090601 00:51:08.774,1.41053,1.41062
EUR/USD,20090601 00:51:10.513,1.41059,1.41062
EUR/USD,20090601 00:51:10.536,1.41059,1.41063
EUR/USD,20090601 00:51:10.762,1.41059,1.41068
EUR/USD,20090601 00:51:10.781,1.41063,1.41068
EUR/USD,20090601 00:51:11.014,1.41063,1.41068
EUR/USD,20090601 00:51:11.448,1.41063,1.41068
EUR/USD,20090601 00:51:14.015,1.41063,1.4107
EUR/USD,20090601 00:51:14.016,1.41064,1.4107
EUR/USD,20090601 00:51:14.327,1.41064,1.41072
EUR/USD,20090601 00:51:14.575,1.41064,1.41072
EUR/USD,20090601 00:51:15.614,1.41064,1.4107
EUR/USD,20090601 00:51:15.964,1.41064,1.41071
EUR/USD,20090601 00:51:17.462,1.41064,1.4107
EUR/USD,20090601 00:51:18.440,1.41064,1.41071
EUR/USD,20090601 00:51:19.428,1.41064,1.4107
EUR/USD,20090601 00:51:19.877,1.41064,1.41069
EUR/USD,20090601 00:51:20.312,1.41064,1.4107
EUR/USD,20090601 00:51:20.463,1.41064,1.41072
EUR/USD,20090601 00:51:20.511,1.41063,1.41072
EUR/USD,20090601 00:51:20.517,1.41059,1.41072
EUR/USD,20090601 00:51:20.810,1.41059,1.41073
EUR/USD,20090601 00:51:21.014,1.41064,1.41068
EUR/USD,20090601 00:51:22.262,1.41063,1.41072
EUR/USD,20090601 00:51:22.263,1.41063,1.41069
EUR/USD,20090601 00:51:22.275,1.41059,1.41069
EUR/USD,20090601 00:51:22.368,1.41058,1.41069
EUR/USD,20090601 00:51:23.014,1.41067,1.41069
EUR/USD,20090601 00:51:23.015,1.41059,1.41075
EUR/USD,20090601 00:51:23.037,1.41068,1.41075
EUR/USD,20090601 00:51:23.063,1.41068,1.41078
EUR/USD,20090601 00:51:23.442,1.41068,1.41076
EUR/USD,20090601 00:51:24.289,1.41058,1.41076
EUR/USD,20090601 00:51:24.326,1.41058,1.4107
EUR/USD,20090601 00:51:25.459,1.41058,1.41072
EUR/USD,20090601 00:51:25.464,1.41058,1.41071
EUR/USD,20090601 00:51:25.512,1.41062,1.41069
EUR/USD,20090601 00:51:25.515,1.41064,1.41068
EUR/USD,20090601 00:51:26.260,1.41063,1.41069
EUR/USD,20090601 00:51:26.311,1.41063,1.41071
EUR/USD,20090601 00:51:26.455,1.41063,1.41072
EUR/USD,20090601 00:51:30.806,1.41063,1.41074
EUR/USD,20090601 00:51:31.907,1.41057,1.41074
EUR/USD,20090601 00:51:32.052,1.41057,1.41073
EUR/USD,20090601 00:51:32.546,1.41057,1.41074
EUR/USD,20090601 00:51:33.806,1.41057,1.41074
EUR/USD,20090601 00:51:34.263,1.41064,1.41068
EUR/USD,20090601 00:51:34.264,1.41062,1.41069
EUR/USD,20090601 00:51:35.014,1.41064,1.4107
EUR/USD,20090601 00:51:35.015,1.41072,1.41073
EUR/USD,20090601 00:51:35.081,1.41072,1.41074
EUR/USD,20090601 00:51:50.016,1.41077,1.4108
EUR/USD,20090601 00:51:50.035,1.41077,1.41084
EUR/USD,20090601 00:51:50.279,1.41082,1.41089
EUR/USD,20090601 00:51:52.512,1.41084,1.4109
EUR/USD,20090601 00:51:52.513,1.41093,1.41102
EUR/USD,20090601 00:51:52.515,1.41092,1.41094
EUR/USD,20090601 00:51:52.764,1.41091,1.41099
EUR/USD,20090601 00:51:52.794,1.41087,1.41099
EUR/USD,20090601 00:51:52.839,1.41087,1.41098
EUR/USD,20090601 00:51:52.944,1.41087,1.411
EUR/USD,20090601 00:51:53.014,1.41092,1.41099
EUR/USD,20090601 00:51:53.015,1.41092,1.411
EUR/USD,20090601 00:51:54.759,1.41091,1.411
EUR/USD,20090601 00:51:54.768,1.41089,1.411
EUR/USD,20090601 00:51:54.946,1.41089,1.41099
EUR/USD,20090601 00:51:55.800,1.41089,1.41097
EUR/USD,20090601 00:51:56.318,1.41089,1.41098
EUR/USD,20090601 00:51:56.938,1.41089,1.41097
EUR/USD,20090601 00:52:00.550,1.41089,1.41099
EUR/USD,20090601 00:52:00.601,1.41089,1.41098
EUR/USD,20090601 00:52:00.939,1.41089,1.41099
EUR/USD,20090601 00:52:00.976,1.41089,1.411
EUR/USD,20090601 00:52:02.451,1.41089,1.41097
EUR/USD,20090601 00:52:02.824,1.41089,1.411
EUR/USD,20090601 00:52:02.927,1.41089,1.41099
EUR/USD,20090601 00:52:03.066,1.41089,1.41097
EUR/USD,20090601 00:52:03.514,1.41082,1.41097
EUR/USD,20090601 00:52:03.515,1.41082,1.41094
EUR/USD,20090601 00:52:03.517,1.41084,1.41097
EUR/USD,20090601 00:52:03.550,1.41084,1.4109
EUR/USD,20090601 00:52:58.526,1.41082,1.4109
EUR/USD,20090601 00:52:58.773,1.41084,1.4109
EUR/USD,20090601 00:53:00.767,1.41087,1.4109
EUR/USD,20090601 00:53:00.769,1.41088,1.4109
EUR/USD,20090601 00:53:00.810,1.41088,1.41093
EUR/USD,20090601 00:53:14.512,1.41091,1.41099
EUR/USD,20090601 00:53:14.513,1.41093,1.41097
EUR/USD,20090601 00:53:15.015,1.41102,1.41103
EUR/USD,20090601 00:53:15.016,1.41093,1.41108
EUR/USD,20090601 00:53:15.030,1.41101,1.41108
EUR/USD,20090601 00:53:15.075,1.41101,1.4111
EUR/USD,20090601 00:53:15.767,1.41103,1.4111
EUR/USD,20090601 00:53:15.769,1.41112,1.41114
EUR/USD,20090601 00:53:16.018,1.41111,1.4112
EUR/USD,20090601 00:53:16.040,1.41107,1.4112
EUR/USD,20090601 00:53:16.122,1.41093,1.41105
EUR/USD,20090601 00:53:16.264,1.41092,1.41105
EUR/USD,20090601 00:53:16.279,1.41101,1.41105
EUR/USD,20090601 00:53:16.352,1.41101,1.4112
EUR/USD,20090601 00:53:16.515,1.41107,1.4112
EUR/USD,20090601 00:53:16.516,1.41108,1.4112
EUR/USD,20090601 00:53:16.534,1.41108,1.4111
EUR/USD,20090601 00:53:21.261,1.41102,1.4111
EUR/USD,20090601 00:53:21.262,1.41103,1.4111
EUR/USD,20090601 00:53:23.513,1.41101,1.4111
EUR/USD,20090601 00:53:23.514,1.41101,1.4111
EUR/USD,20090601 00:53:25.280,1.41098,1.4111
EUR/USD,20090601 00:53:25.327,1.41097,1.4111
EUR/USD,20090601 00:53:27.260,1.41103,1.41107
EUR/USD,20090601 00:53:28.015,1.41101,1.4111
EUR/USD,20090601 00:53:28.042,1.41099,1.4111
EUR/USD,20090601 00:53:28.054,1.41098,1.4111
EUR/USD,20090601 00:53:28.261,1.41104,1.41107
EUR/USD,20090601 00:53:28.262,1.41104,1.4111
EUR/USD,20090601 00:53:28.263,1.41102,1.41109
EUR/USD,20090601 00:53:34.012,1.41101,1.4111
EUR/USD,20090601 00:53:34.024,1.41097,1.4111
EUR/USD,20090601 00:53:36.297,1.41097,1.41109
EUR/USD,20090601 00:53:39.509,1.41104,1.41108
EUR/USD,20090601 00:53:39.511,1.41102,1.41109
EUR/USD,20090601 00:53:52.758,1.41101,1.4111
EUR/USD,20090601 00:53:52.772,1.41099,1.4111
EUR/USD,20090601 00:53:53.013,1.41094,1.41108
EUR/USD,20090601 00:53:53.014,1.41094,1.41103
EUR/USD,20090601 00:53:53.027,1.41094,1.411
EUR/USD,20090601 00:53:56.261,1.41101,1.41103
EUR/USD,20090601 00:53:56.333,1.41101,1.41104
EUR/USD,20090601 00:53:58.013,1.41101,1.4111
EUR/USD,20090601 00:53:58.019,1.41098,1.4111
EUR/USD,20090601 00:53:58.062,1.41097,1.4111
EUR/USD,20090601 00:53:59.013,1.411,1.41109
EUR/USD,20090601 00:53:59.027,1.41101,1.41109
EUR/USD,20090601 00:54:03.298,1.41101,1.41107
EUR/USD,20090601 00:54:06.298,1.41101,1.41108
EUR/USD,20090601 00:54:06.451,1.41101,1.41109
EUR/USD,20090601 00:54:09.512,1.41101,1.4111
EUR/USD,20090601 00:54:09.524,1.41097,1.4111
EUR/USD,20090601 00:54:11.760,1.41103,1.41108
EUR/USD,20090601 00:54:11.761,1.41102,1.4111
EUR/USD,20090601 00:54:12.798,1.41102,1.41108
EUR/USD,20090601 00:54:13.593,1.41102,1.4111
EUR/USD,20090601 00:54:14.509,1.41101,1.4111
EUR/USD,20090601 00:54:14.510,1.41101,1.41109
EUR/USD,20090601 00:54:14.522,1.41097,1.41104
EUR/USD,20090601 00:54:14.525,1.41097,1.41105
EUR/USD,20090601 00:54:14.581,1.41097,1.41105
EUR/USD,20090601 00:54:15.760,1.41102,1.41105
EUR/USD,20090601 00:54:15.761,1.41102,1.41107
EUR/USD,20090601 00:54:15.816,1.41102,1.41109
EUR/USD,20090601 00:54:16.818,1.41102,1.41108
EUR/USD,20090601 00:54:17.559,1.41102,1.41106
EUR/USD,20090601 00:54:18.821,1.41102,1.41109
EUR/USD,20090601 00:54:19.535,1.41102,1.41108
EUR/USD,20090601 00:54:20.067,1.41102,1.41109
EUR/USD,20090601 00:54:22.016,1.41101,1.4111
EUR/USD,20090601 00:54:22.031,1.41097,1.4111
EUR/USD,20090601 00:54:22.512,1.41092,1.41109
EUR/USD,20090601 00:54:22.521,1.41092,1.411
EUR/USD,20090601 00:54:22.761,1.41097,1.411
EUR/USD,20090601 00:54:22.781,1.41097,1.41103
EUR/USD,20090601 00:54:22.817,1.41097,1.41104
EUR/USD,20090601 00:54:23.014,1.41091,1.41108
EUR/USD,20090601 00:54:23.052,1.41089,1.41108
EUR/USD,20090601 00:54:23.089,1.41089,1.41104
EUR/USD,20090601 00:54:23.437,1.41089,1.41105
EUR/USD,20090601 00:54:24.261,1.41087,1.41099
EUR/USD,20090601 00:54:24.262,1.41087,1.41098
EUR/USD,20090601 00:54:24.276,1.41085,1.41091
EUR/USD,20090601 00:54:24.323,1.41084,1.41091
EUR/USD,20090601 00:54:24.514,1.41087,1.41091
EUR/USD,20090601 00:54:24.538,1.41087,1.41094
EUR/USD,20090601 00:54:24.570,1.41087,1.41094
EUR/USD,20090601 00:54:29.264,1.41087,1.41099
EUR/USD,20090601 00:54:29.268,1.41087,1.41098
EUR/USD,20090601 00:54:29.307,1.41084,1.41091
EUR/USD,20090601 00:54:29.514,1.41087,1.41091
EUR/USD,20090601 00:54:29.516,1.41089,1.41091
EUR/USD,20090601 00:54:29.526,1.41089,1.41093
EUR/USD,20090601 00:54:30.017,1.41087,1.41099
EUR/USD,20090601 00:54:30.018,1.41087,1.41098
EUR/USD,20090601 00:54:30.050,1.41084,1.41098
EUR/USD,20090601 00:54:30.051,1.41084,1.41091
EUR/USD,20090601 00:54:30.264,1.41092,1.41093
EUR/USD,20090601 00:54:30.266,1.41084,1.41093
EUR/USD,20090601 00:54:30.336,1.41088,1.41101
EUR/USD,20090601 00:54:30.517,1.41088,1.41093
EUR/USD,20090601 00:54:30.575,1.41084,1.41093
EUR/USD,20090601 00:54:31.818,1.41084,1.41091
EUR/USD,20090601 00:54:32.259,1.41082,1.41091
EUR/USD,20090601 00:54:32.260,1.41082,1.41089
EUR/USD,20090601 00:54:32.266,1.41079,1.41089
EUR/USD,20090601 00:54:32.318,1.41077,1.41089
EUR/USD,20090601 00:54:32.530,1.41075,1.41081
EUR/USD,20090601 00:54:32.589,1.41072,1.41081
EUR/USD,20090601 00:54:32.762,1.41079,1.41081
EUR/USD,20090601 00:54:32.779,1.41079,1.41083
EUR/USD,20090601 00:54:32.838,1.41079,1.41083
EUR/USD,20090601 00:54:33.015,1.41077,1.41089
EUR/USD,20090601 00:54:33.016,1.41077,1.41084
EUR/USD,20090601 00:54:33.032,1.41074,1.41081
EUR/USD,20090601 00:54:33.072,1.41072,1.41081
EUR/USD,20090601 00:54:33.263,1.41077,1.41081
EUR/USD,20090601 00:54:33.264,1.41079,1.41081
EUR/USD,20090601 00:54:33.268,1.41079,1.41083
EUR/USD,20090601 00:54:37.258,1.41077,1.41089
EUR/USD,20090601 00:54:37.274,1.41074,1.41089
EUR/USD,20090601 00:54:37.275,1.41074,1.41081
EUR/USD,20090601 00:54:37.317,1.41072,1.41081
EUR/USD,20090601 00:54:37.511,1.41077,1.41081
EUR/USD,20090601 00:54:37.514,1.41077,1.41085
EUR/USD,20090601 00:54:37.578,1.41077,1.41089
EUR/USD,20090601 00:54:39.758,1.41083,1.41088
EUR/USD,20090601 00:54:41.509,1.41082,1.41091
EUR/USD,20090601 00:54:41.519,1.41082,1.41091
EUR/USD,20090601 00:54:41.520,1.4108,1.41091
EUR/USD,20090601 00:54:41.598,1.41078,1.41092
EUR/USD,20090601 00:54:41.836,1.41078,1.41091
EUR/USD,20090601 00:54:41.935,1.41078,1.41092
EUR/USD,20090601 00:54:43.761,1.41082,1.41089
EUR/USD,20090601 00:54:43.762,1.41083,1.41092
EUR/USD,20090601 00:54:48.014,1.41088,1.41092
EUR/USD,20090601 00:54:48.015,1.41087,1.41094
EUR/USD,20090601 00:54:48.513,1.41093,1.41097
EUR/USD,20090601 00:54:48.514,1.41092,1.41099
EUR/USD,20090601 00:54:49.074,1.41092,1.41098
EUR/USD,20090601 00:54:49.854,1.41092,1.41097
EUR/USD,20090601 00:54:49.960,1.41092,1.41099
EUR/USD,20090601 00:54:50.334,1.41092,1.41099
EUR/USD,20090601 00:54:51.014,1.41102,1.41104
EUR/USD,20090601 00:54:54.514,1.41102,1.41107
EUR/USD,20090601 00:54:54.530,1.41097,1.41107
EUR/USD,20090601 00:54:54.762,1.41102,1.41107
EUR/USD,20090601 00:54:54.830,1.41102,1.41109
EUR/USD,20090601 00:54:54.937,1.41102,1.41108
EUR/USD,20090601 00:54:55.016,1.41102,1.41108
EUR/USD,20090601 00:54:55.018,1.41102,1.41107
EUR/USD,20090601 00:54:55.026,1.41098,1.41107
EUR/USD,20090601 00:54:55.475,1.41098,1.41101
EUR/USD,20090601 00:54:55.513,1.41102,1.41109
EUR/USD,20090601 00:54:55.514,1.41103,1.41107
EUR/USD,20090601 00:54:55.563,1.41089,1.41101
EUR/USD,20090601 00:54:55.568,1.41093,1.41104
EUR/USD,20090601 00:54:55.806,1.41094,1.41105
EUR/USD,20090601 00:54:55.992,1.41096,1.41107
EUR/USD,20090601 00:54:56.717,1.41094,1.41107
